%% This BibTeX bibliography file was created using BibDesk.
%% http://bibdesk.sourceforge.net/

%% Created for Benjamin Safdi at 2018-07-30 22:04:45 -0400 


%% Saved with string encoding Unicode (UTF-8) 



@article{Du:2018uak,
	Archiveprefix = {arXiv},
	Author = {Du, N. and others},
	Collaboration = {ADMX},
	Date-Added = {2018-07-30 22:31:43 +0000},
	Date-Modified = {2018-07-30 22:31:43 +0000},
	Doi = {10.1103/PhysRevLett.120.151301},
	Eprint = {1804.05750},
	Journal = {Phys. Rev. Lett.},
	Number = {15},
	Pages = {151301},
	Primaryclass = {hep-ex},
	Reportnumber = {FERMILAB-PUB-18-101-AD-AE},
	Slaccitation = {%%CITATION = ARXIV:1804.05750;%%},
	Title = {{A Search for Invisible Axion Dark Matter with the Axion Dark Matter Experiment}},
	Volume = {120},
	Year = {2018},
	Bdsk-Url-1 = {http://dx.doi.org/10.1103/PhysRevLett.120.151301}}

@article{Akerib:2016vxi,
	Archiveprefix = {arXiv},
	Author = {Akerib, D. S. and others},
	Collaboration = {LUX},
	Date-Added = {2018-07-30 21:49:15 +0000},
	Date-Modified = {2018-07-30 21:49:15 +0000},
	Doi = {10.1103/PhysRevLett.118.021303},
	Eprint = {1608.07648},
	Journal = {Phys. Rev. Lett.},
	Number = {2},
	Pages = {021303},
	Primaryclass = {astro-ph.CO},
	Slaccitation = {%%CITATION = ARXIV:1608.07648;%%},
	Title = {{Results from a search for dark matter in the complete LUX exposure}},
	Volume = {118},
	Year = {2017},
	Bdsk-Url-1 = {http://dx.doi.org/10.1103/PhysRevLett.118.021303}}

@article{2017SSRv..207..111C,
	Adsnote = {Provided by the SAO/NASA Astrophysics Data System},
	Adsurl = {http://adsabs.harvard.edu/abs/2017SSRv..207..111C},
	Archiveprefix = {arXiv},
	Author = {{Cerutti}, B. and {Beloborodov}, A.~M.},
	Date-Added = {2018-07-30 19:19:14 +0000},
	Date-Modified = {2018-07-30 19:19:14 +0000},
	Doi = {10.1007/s11214-016-0315-7},
	Eprint = {1611.04331},
	Journal = {Space Science Reviews},
	Keywords = {Pulsars: general, Acceleration of particles, Radiation mechanisms: non-thermal, Magnetic reconnection, Relativistic processes, Stars: winds, outflows},
	Month = jul,
	Pages = {111-136},
	Primaryclass = {astro-ph.HE},
	Title = {{Electrodynamics of Pulsar Magnetospheres}},
	Volume = 207,
	Year = 2017,
	Bdsk-Url-1 = {https://doi.org/10.1007/s11214-016-0315-7}}

@article{SafdiToAppear,
	Author = {Chen, Alex and others},
	Date-Added = {2018-07-30 19:18:59 +0000},
	Date-Modified = {2018-07-30 19:18:59 +0000},
	Journal = {To appear.},
	year = {2018},
	Title = {Detecting Axion Dark Matter with Radio Lines from Neutron Star Populations}}

@article{Dienes:1999gw,
	Archiveprefix = {arXiv},
	Author = {Dienes, Keith R. and Dudas, Emilian and Gherghetta, Tony},
	Date-Added = {2018-07-30 19:18:41 +0000},
	Date-Modified = {2018-07-30 19:18:41 +0000},
	Doi = {10.1103/PhysRevD.62.105023},
	Eprint = {hep-ph/9912455},
	Journal = {Phys. Rev.},
	Pages = {105023},
	Primaryclass = {hep-ph},
	Reportnumber = {CERN-TH-99-333},
	Slaccitation = {%%CITATION = HEP-PH/9912455;%%},
	Title = {{Invisible axions and large radius compactifications}},
	Volume = {D62},
	Year = {2000},
	Bdsk-Url-1 = {https://doi.org/10.1103/PhysRevD.62.105023}}

@article{Hardy:2016kme,
	Archiveprefix = {arXiv},
	Author = {Hardy, Edward and Lasenby, Robert},
	Date-Added = {2018-07-30 19:18:26 +0000},
	Date-Modified = {2018-07-30 19:18:26 +0000},
	Doi = {10.1007/JHEP02(2017)033},
	Eprint = {1611.05852},
	Journal = {JHEP},
	Pages = {033},
	Primaryclass = {hep-ph},
	Slaccitation = {%%CITATION = ARXIV:1611.05852;%%},
	Title = {{Stellar cooling bounds on new light particles: plasma mixing effects}},
	Volume = {02},
	Year = {2017},
	Bdsk-Url-1 = {https://doi.org/10.1007/JHEP02(2017)033}}

@article{Chang:2018rso,
	Archiveprefix = {arXiv},
	Author = {Chang, Jae Hyeok and Essig, Rouven and McDermott, Samuel D.},
	Date-Added = {2018-07-30 19:18:13 +0000},
	Date-Modified = {2018-07-30 19:18:13 +0000},
	Eprint = {1803.00993},
	Primaryclass = {hep-ph},
	Reportnumber = {YITP-SB-18-01, FERMILAB-PUB-17-432-T},
	Slaccitation = {%%CITATION = ARXIV:1803.00993;%%},
	Title = {{Supernova 1987A Constraints on Sub-GeV Dark Sectors, Millicharged Particles, the QCD Axion, and an Axion-like Particle}},
	Year = {2018}}

@article{Ade:2015xua,
	Archiveprefix = {arXiv},
	Author = {Ade, P. A. R. and others},
	Collaboration = {Planck},
	Date-Added = {2018-07-30 19:17:58 +0000},
	Date-Modified = {2018-07-30 19:17:58 +0000},
	Doi = {10.1051/0004-6361/201525830},
	Eprint = {1502.01589},
	Journal = {Astron. Astrophys.},
	Pages = {A13},
	Primaryclass = {astro-ph.CO},
	Slaccitation = {%%CITATION = ARXIV:1502.01589;%%},
	Title = {{Planck 2015 results. XIII. Cosmological parameters}},
	Volume = {594},
	Year = {2016},
	Bdsk-Url-1 = {https://doi.org/10.1051/0004-6361/201525830}}

@article{2013MNRAS.435.1928P,
	Adsnote = {Provided by the SAO/NASA Astrophysics Data System},
	Adsurl = {http://adsabs.harvard.edu/abs/2013MNRAS.435.1928P},
	Archiveprefix = {arXiv},
	Author = {{Pawlowski}, M.~S. and {Kroupa}, P. and {Jerjen}, H.},
	Date-Added = {2018-07-19 08:05:45 +0000},
	Date-Modified = {2018-07-19 08:05:45 +0000},
	Doi = {10.1093/mnras/stt1384},
	Eprint = {1307.6210},
	Journal = {\mnras},
	Keywords = {Galaxy: halo, galaxies: dwarf, galaxies: individual: M31, galaxies: kinematics and dynamics, Local Group, Magellanic Clouds},
	Month = nov,
	Pages = {1928-1957},
	Title = {{Dwarf galaxy planes: the discovery of symmetric structures in the Local Group}},
	Volume = 435,
	Year = 2013,
	Bdsk-Url-1 = {https://doi.org/10.1093/mnras/stt1384}}

@article{2003ApJ...599..237P,
	Adsnote = {Provided by the SAO/NASA Astrophysics Data System},
	Adsurl = {http://adsabs.harvard.edu/abs/2003ApJ...599..237P},
	Author = {{Peiris}, H.~V. and {Tremaine}, S.},
	Date-Added = {2018-07-19 04:52:24 +0000},
	Date-Modified = {2018-07-19 04:52:24 +0000},
	Doi = {10.1086/378638},
	Eprint = {astro-ph/0307412},
	Journal = {\apj},
	Keywords = {Galaxies: Individual: Messier Number: M31, Galaxies: Kinematics and Dynamics, Galaxies: Nuclei, Galaxies: Photometry},
	Month = dec,
	Pages = {237-257},
	Title = {{Eccentric-Disk Models for the Nucleus of M31}},
	Volume = 599,
	Year = 2003,
	Bdsk-Url-1 = {https://doi.org/10.1086/378638}}

@article{1995AJ....110..628T,
	Adsnote = {Provided by the SAO/NASA Astrophysics Data System},
	Adsurl = {http://adsabs.harvard.edu/abs/1995AJ....110..628T},
	Author = {{Tremaine}, S.},
	Date-Added = {2018-06-30 23:49:06 +0000},
	Date-Modified = {2018-06-30 23:49:17 +0000},
	Doi = {10.1086/117548},
	Eprint = {astro-ph/9502065},
	Journal = {AJ},
	Keywords = {QUASARS: INDIVIDUAL: M31, GALAXIES: KINEMATICS AND DYNAMICS, BLACK HOLE PHYSICS},
	Month = aug,
	Pages = {628},
	Title = {{An Eccentric-Disk Model for the Nucleus of M31}},
	Volume = 110,
	Year = 1995,
	Bdsk-Url-1 = {http://dx.doi.org/10.1086/117548}}

@article{Bender:2005rq,
	Archiveprefix = {arXiv},
	Author = {Bender, Ralf and others},
	Date-Added = {2018-06-29 20:25:13 +0000},
	Date-Modified = {2018-06-29 20:25:13 +0000},
	Doi = {10.1086/432434},
	Eprint = {astro-ph/0509839},
	Journal = {Astrophys. J.},
	Pages = {280},
	Primaryclass = {astro-ph},
	Slaccitation = {%%CITATION = ASTRO-PH/0509839;%%},
	Title = {{Hst stis spectroscopy of the triple nucleus of m31: two nested disks in keplerian rotation around a supermassive black hole}},
	Volume = {631},
	Year = {2005},
	Bdsk-Url-1 = {http://dx.doi.org/10.1086/432434}}

@article{1999ApJ...522..772K,
	Adsnote = {Provided by the SAO/NASA Astrophysics Data System},
	Adsurl = {http://adsabs.harvard.edu/abs/1999ApJ...522..772K},
	Author = {{Kormendy}, J. and {Bender}, R.},
	Date-Added = {2018-06-29 20:20:32 +0000},
	Date-Modified = {2018-06-29 20:20:42 +0000},
	Doi = {10.1086/307665},
	Journal = {ApJ},
	Keywords = {BLACK HOLE PHYSICS, GALAXIES: INDIVIDUAL: MESSIER NUMBER: M31, GALAXIES: KINEMATICS AND DYNAMICS, GALAXIES: NUCLEI, Black Hole Physics, Galaxies: Individual: Messier Number: M31, Galaxies: Kinematics and Dynamics, Galaxies: Nuclei},
	Month = sep,
	Pages = {772-792},
	Title = {{The Double Nucleus and Central Black Hole of M31}},
	Volume = 522,
	Year = 1999,
	Bdsk-Url-1 = {http://dx.doi.org/10.1086/307665}}

@article{2011MNRAS.413.1548C,
	Adsnote = {Provided by the SAO/NASA Astrophysics Data System},
	Adsurl = {http://adsabs.harvard.edu/abs/2011MNRAS.413.1548C},
	Archiveprefix = {arXiv},
	Author = {{Collins}, M.~L.~M. and {Chapman}, S.~C. and {Ibata}, R.~A. and {Irwin}, M.~J. and {Rich}, R.~M. and {Ferguson}, A.~M.~N. and {Lewis}, G.~F. and {Tanvir}, N. and {Koch}, A.},
	Date-Added = {2018-06-29 20:14:04 +0000},
	Date-Modified = {2018-06-29 20:14:12 +0000},
	Doi = {10.1111/j.1365-2966.2011.18238.x},
	Eprint = {1010.5276},
	Journal = {MNRAS},
	Keywords = {stars: kinematics and dynamics, galaxies: abundances, galaxies: evolution, Local Group, galaxies: spiral, galaxies: structure},
	Month = may,
	Pages = {1548-1568},
	Title = {{The kinematic identification of a thick stellar disc in M31}},
	Volume = 413,
	Year = 2011,
	Bdsk-Url-1 = {http://dx.doi.org/10.1111/j.1365-2966.2011.18238.x}}

@article{Banerjee:2008kt,
	Archiveprefix = {arXiv},
	Author = {Banerjee, Arunima and Jog, Chanda J.},
	Date-Added = {2018-06-29 20:11:12 +0000},
	Date-Modified = {2018-06-29 20:11:12 +0000},
	Doi = {10.1086/591223},
	Eprint = {0806.3610},
	Journal = {Astrophys. J.},
	Pages = {254},
	Primaryclass = {astro-ph},
	Slaccitation = {%%CITATION = ARXIV:0806.3610;%%},
	Title = {{The Flattened Dark Matter Halo of M31 as Deduced from the Observed HI Scale Heights}},
	Volume = {685},
	Year = {2008},
	Bdsk-Url-1 = {http://dx.doi.org/10.1086/591223}}

@article{2015ApJ...806...96L,
	Adsnote = {Provided by the SAO/NASA Astrophysics Data System},
	Adsurl = {http://adsabs.harvard.edu/abs/2015ApJ...806...96L},
	Archiveprefix = {arXiv},
	Author = {{Licquia}, T.~C. and {Newman}, J.~A.},
	Date-Added = {2018-06-28 20:54:31 +0000},
	Date-Modified = {2018-06-28 20:55:17 +0000},
	Doi = {10.1088/0004-637X/806/1/96},
	Eid = {96},
	Eprint = {1407.1078},
	Journal = {ApJ},
	Keywords = {Galaxy: bulge, Galaxy: disk, Galaxy: fundamental parameters, Galaxy: stellar content, methods: statistical, stars: formation},
	Month = jun,
	Pages = {96},
	Title = {{Improved Estimates of the Milky Way's Stellar Mass and Star Formation Rate from Hierarchical Bayesian Meta-Analysis}},
	Volume = 806,
	Year = 2015,
	Bdsk-Url-1 = {http://dx.doi.org/10.1088/0004-637X/806/1/96}}

@article{2012A&A...546A...4T,
	Adsnote = {Provided by the SAO/NASA Astrophysics Data System},
	Adsurl = {http://adsabs.harvard.edu/abs/2012A%26A...546A...4T},
	Archiveprefix = {arXiv},
	Author = {{Tamm}, A. and {Tempel}, E. and {Tenjes}, P. and {Tihhonova}, O. and {Tuvikene}, T.},
	Date-Added = {2018-06-28 20:47:32 +0000},
	Date-Modified = {2018-06-28 20:47:55 +0000},
	Doi = {10.1051/0004-6361/201220065},
	Eid = {A4},
	Eprint = {1208.5712},
	Journal = {A\&A},
	Keywords = {galaxies: individual: Andromeda (M 31), galaxies: structure, galaxies: fundamental parameters, dark matter, galaxies: halos, galaxies: kinematics and dynamics},
	Month = oct,
	Pages = {A4},
	Title = {{Stellar mass map and dark matter distribution in M 31}},
	Volume = 546,
	Year = 2012,
	Bdsk-Url-1 = {http://dx.doi.org/10.1051/0004-6361/201220065}}

@article{1990ApJ...356..359H,
	Adsnote = {Provided by the SAO/NASA Astrophysics Data System},
	Adsurl = {http://adsabs.harvard.edu/abs/1990ApJ...356..359H},
	Author = {{Hernquist}, L.},
	Date-Added = {2018-06-19 20:25:44 +0000},
	Date-Modified = {2018-06-19 20:25:44 +0000},
	Doi = {10.1086/168845},
	Journal = {\apj},
	Keywords = {Computational Astrophysics, Elliptical Galaxies, Galactic Bulge, Galactic Structure, Astronomical Models, Astronomical Photometry, Brightness Distribution, Distribution Functions},
	Month = jun,
	Pages = {359-364},
	Title = {{An analytical model for spherical galaxies and bulges}},
	Volume = 356,
	Year = 1990,
	Bdsk-Url-1 = {http://dx.doi.org/10.1086/168845}}

@article{2010A&A...510A..23S,
	Adsnote = {Provided by the SAO/NASA Astrophysics Data System},
	Adsurl = {http://adsabs.harvard.edu/abs/2010A%26A...510A..23S},
	Archiveprefix = {arXiv},
	Author = {{Sartore}, N. and {Ripamonti}, E. and {Treves}, A. and {Turolla}, R.},
	Date-Added = {2018-06-19 19:55:28 +0000},
	Date-Modified = {2018-06-19 19:55:38 +0000},
	Doi = {10.1051/0004-6361/200912222},
	Eid = {A23},
	Eprint = {0908.3182},
	Journal = {A\&A},
	Keywords = {stars: kinematics and dynamics, stars: neutron, stars: statistics},
	Month = feb,
	Pages = {A23},
	Title = {{Galactic neutron stars. I. Space and velocity distributions in the disk and in the halo}},
	Volume = 510,
	Year = 2010,
	Bdsk-Url-1 = {http://dx.doi.org/10.1051/0004-6361/200912222}}

@article{2005AJ....129.1993M,
	Adsnote = {Provided by the SAO/NASA Astrophysics Data System},
	Adsurl = {http://adsabs.harvard.edu/abs/2005AJ....129.1993M},
	Author = {{Manchester}, R.~N. and {Hobbs}, G.~B. and {Teoh}, A. and {Hobbs}, M.},
	Date-Added = {2018-06-19 13:54:15 +0000},
	Date-Modified = {2018-06-19 14:00:19 +0000},
	Doi = {10.1086/428488},
	Eprint = {astro-ph/0412641},
	Journal = {AJ},
	Keywords = {Catalogs, Stars: Pulsars: General},
	Month = apr,
	Pages = {1993-2006},
	Title = {{The Australia Telescope National Facility Pulsar Catalogue}},
	Volume = 129,
	Year = 2005,
	Bdsk-Url-1 = {http://dx.doi.org/10.1086/428488}}

@article{1992A&A...254..198B,
	Adsnote = {Provided by the SAO/NASA Astrophysics Data System},
	Adsurl = {https://ui.adsabs.harvard.edu/#abs/1992A&A...254..198B},
	Author = {{Bhattacharya}, D. and {Wijers}, R.~A.~M.~J. and {Hartman}, J.~W. and {Verbunt}, F.},
	Date-Added = {2018-06-18 22:16:00 +0000},
	Date-Modified = {2018-06-18 22:16:40 +0000},
	Journal = {A\&A},
	Keywords = {Astronomical Models, Magnetic Field Configurations, Magnetic Flux, Pulsars, Stellar Magnetic Fields, Computerized Simulation, Magnetic Dipoles, Monte Carlo Method, Scale Height, Stellar Evolution, Stellar Models, Astrophysics},
	Month = Feb,
	Pages = {198-212},
	Title = {{On the decay of the magnetic fields of single radio pulsars.}},
	Volume = {254},
	Year = 1992}

@article{1970ApL.....5...21M,
	Adsnote = {Provided by the SAO/NASA Astrophysics Data System},
	Adsurl = {http://adsabs.harvard.edu/abs/1970ApL.....5...21M},
	Author = {{Michel}, F.~C. and {Goldwire}, Jr., H.~C.},
	Date-Added = {2018-06-18 20:35:04 +0000},
	Date-Modified = {2018-06-18 20:35:18 +0000},
	Journal = {Astrophys.~Lett.},
	Pages = {21},
	Title = {{Alignment of Oblique Rotators}},
	Volume = 5,
	Year = 1970}

@article{FaucherGiguere:2005ny,
	Archiveprefix = {arXiv},
	Author = {Faucher-Giguere, Claude-Andre and Kaspi, Victoria M.},
	Date-Added = {2018-06-17 19:51:23 +0000},
	Date-Modified = {2018-06-17 19:51:23 +0000},
	Doi = {10.1086/501516},
	Eprint = {astro-ph/0512585},
	Journal = {Astrophys. J.},
	Pages = {332-355},
	Primaryclass = {astro-ph},
	Slaccitation = {%%CITATION = ASTRO-PH/0512585;%%},
	Title = {{Birth and evolution of isolated radio pulsars}},
	Volume = {643},
	Year = {2006},
	Bdsk-Url-1 = {http://dx.doi.org/10.1086/501516}}

@article{Johnston:2017wgm,
	Archiveprefix = {arXiv},
	Author = {Johnston, Simon and Karastergiou, Aris},
	Date-Added = {2018-06-17 19:47:36 +0000},
	Date-Modified = {2018-06-17 19:47:36 +0000},
	Doi = {10.1093/mnras/stx377},
	Eprint = {1702.03616},
	Journal = {Mon. Not. Roy. Astron. Soc.},
	Number = {3},
	Pages = {3493-3499},
	Primaryclass = {astro-ph.HE},
	Slaccitation = {%%CITATION = ARXIV:1702.03616;%%},
	Title = {{Pulsar braking and the P--$\dot{P}$ diagram}},
	Volume = {467},
	Year = {2017},
	Bdsk-Url-1 = {http://dx.doi.org/10.1093/mnras/stx377}}

@article{Spitkovsky:2006np,
	Archiveprefix = {arXiv},
	Author = {Spitkovsky, Anatoly},
	Date-Added = {2018-06-17 19:45:09 +0000},
	Date-Modified = {2018-06-17 19:45:09 +0000},
	Doi = {10.1086/507518},
	Eprint = {astro-ph/0603147},
	Journal = {Astrophys. J.},
	Pages = {L51-L54},
	Primaryclass = {astro-ph},
	Reportnumber = {SLAC-PUB-11736},
	Slaccitation = {%%CITATION = ASTRO-PH/0603147;%%},
	Title = {{Time-dependent force-free pulsar magnetospheres: axisymmetric and oblique rotators}},
	Volume = {648},
	Year = {2006},
	Bdsk-Url-1 = {http://dx.doi.org/10.1086/507518}}

@article{Dehnen:2006cm,
	Archiveprefix = {arXiv},
	Author = {Dehnen, Walter and McLaughlin, Dean and Sachania, Jalpesh},
	Date-Added = {2018-06-05 19:31:30 +0000},
	Date-Modified = {2018-06-05 19:31:30 +0000},
	Doi = {10.1111/j.1365-2966.2006.10404.x},
	Eprint = {astro-ph/0603825},
	Journal = {Mon. Not. Roy. Astron. Soc.},
	Pages = {1688-1692},
	Primaryclass = {astro-ph},
	Slaccitation = {%%CITATION = ASTRO-PH/0603825;%%},
	Title = {{The velocity dispersion and mass profile of the milky way}},
	Volume = {369},
	Year = {2006},
	Bdsk-Url-1 = {http://dx.doi.org/10.1111/j.1365-2966.2006.10404.x}}

@article{2009PASP..121..814O,
	Adsnote = {Provided by the SAO/NASA Astrophysics Data System},
	Adsurl = {http://adsabs.harvard.edu/abs/2009PASP..121..814O},
	Archiveprefix = {arXiv},
	Author = {{Ofek}, E.~O.},
	Date-Added = {2018-06-05 16:23:50 +0000},
	Date-Modified = {2018-06-05 16:24:27 +0000},
	Doi = {10.1086/605389},
	Eprint = {0910.3684},
	Journal = {PASP},
	Month = aug,
	Pages = {814},
	Primaryclass = {astro-ph.GA},
	Title = {{Space and Velocity Distributions of Galactic Isolated Old Neutron Stars}},
	Volume = 121,
	Year = 2009,
	Bdsk-Url-1 = {http://dx.doi.org/10.1086/605389}}

@article{Merritt:2006mt,
	Archiveprefix = {arXiv},
	Author = {Merritt, David and Harfst, Stefan and Bertone, Gianfranco},
	Date-Added = {2018-06-03 20:28:00 +0000},
	Date-Modified = {2018-06-03 20:28:00 +0000},
	Doi = {10.1103/PhysRevD.75.043517},
	Eprint = {astro-ph/0610425},
	Journal = {Phys. Rev.},
	Pages = {043517},
	Primaryclass = {astro-ph},
	Slaccitation = {%%CITATION = ASTRO-PH/0610425;%%},
	Title = {{Collisionally Regenerated Dark Matter Structures in Galactic Nuclei}},
	Volume = {D75},
	Year = {2007},
	Bdsk-Url-1 = {http://dx.doi.org/10.1103/PhysRevD.75.043517}}

@article{Burkert:1995yz,
	Archiveprefix = {arXiv},
	Author = {Burkert, A.},
	Booktitle = {{IAU Symposium 171: New Light on Galaxy Evolution Heidelberg, Germany, June 26-30, 1995}},
	Date-Added = {2018-06-03 20:24:53 +0000},
	Date-Modified = {2018-06-03 20:24:53 +0000},
	Doi = {10.1086/309560},
	Eprint = {astro-ph/9504041},
	Journal = {IAU Symp.},
	Note = {[Astrophys. J.447,L25(1995)]},
	Pages = {175},
	Primaryclass = {astro-ph},
	Slaccitation = {%%CITATION = ASTRO-PH/9504041;%%},
	Title = {{The Structure of dark matter halos in dwarf galaxies}},
	Volume = {171},
	Year = {1996},
	Bdsk-Url-1 = {http://dx.doi.org/10.1086/309560}}

@article{1994AJ....107..634T,
	Adsnote = {Provided by the SAO/NASA Astrophysics Data System},
	Adsurl = {http://adsabs.harvard.edu/abs/1994AJ....107..634T},
	Author = {{Tremaine}, S. and {Richstone}, D.~O. and {Byun}, Y.-I. and {Dressler}, A. and {Faber}, S.~M. and {Grillmair}, C. and {Kormendy}, J. and {Lauer}, T.~R.},
	Date-Added = {2018-06-03 17:22:55 +0000},
	Date-Modified = {2018-06-03 17:23:31 +0000},
	Doi = {10.1086/116883},
	Journal = {Astron. J.},
	Keywords = {Astronomical Models, Black Holes (Astronomy), Brightness, Density Distribution, Galactic Structure, Spherical Shells, Stellar Systems, Surface Properties, Velocity Distribution, Galactic Mass, Power Series, Stellar Luminosity},
	Month = feb,
	Pages = {634-644},
	Title = {{A family of models for spherical stellar systems}},
	Volume = 107,
	Year = 1994,
	Bdsk-Url-1 = {http://dx.doi.org/10.1086/116883}}

@article{1993MNRAS.265..250D,
	Adsnote = {Provided by the SAO/NASA Astrophysics Data System},
	Adsurl = {http://adsabs.harvard.edu/abs/1993MNRAS.265..250D},
	Author = {{Dehnen}, W.},
	Date-Added = {2018-06-03 17:21:42 +0000},
	Date-Modified = {2018-06-03 17:21:47 +0000},
	Doi = {10.1093/mnras/265.1.250},
	Journal = {MNRAS},
	Month = nov,
	Pages = {250},
	Title = {{A Family of Potential-Density Pairs for Spherical Galaxies and Bulges}},
	Volume = 265,
	Year = 1993,
	Bdsk-Url-1 = {http://dx.doi.org/10.1093/mnras/265.1.250}}

@article{1977ApJ...216..883B,
	Adsnote = {Provided by the SAO/NASA Astrophysics Data System},
	Adsurl = {http://adsabs.harvard.edu/abs/1977ApJ...216..883B},
	Author = {{Bahcall}, J.~N. and {Wolf}, R.~A.},
	Date-Added = {2018-06-03 17:01:23 +0000},
	Date-Modified = {2018-06-03 17:02:05 +0000},
	Doi = {10.1086/155534},
	Journal = {Astrophys. J.},
	Keywords = {Black Holes (Astronomy), Globular Clusters, Star Distribution, Stellar Mass, Binary Stars, Boltzmann Distribution, Boundary Layer Equations, Mass Distribution, Scattering Functions, Steady State, Stellar Motions},
	Month = sep,
	Pages = {883-907},
	Title = {{The star distribution around a massive black hole in a globular cluster. II Unequal star masses}},
	Volume = 216,
	Year = 1977,
	Bdsk-Url-1 = {http://dx.doi.org/10.1086/155534}}

@article{1976ApJ...209..214B,
	Adsnote = {Provided by the SAO/NASA Astrophysics Data System},
	Adsurl = {http://adsabs.harvard.edu/abs/1976ApJ...209..214B},
	Author = {{Bahcall}, J.~N. and {Wolf}, R.~A.},
	Date-Added = {2018-06-03 16:53:13 +0000},
	Date-Modified = {2018-06-03 16:53:23 +0000},
	Doi = {10.1086/154711},
	Journal = {Astrophys. J.},
	Keywords = {Black Holes (Astronomy), Distribution Functions, Globular Clusters, Gravitational Effects, Star Distribution, Stellar Motions, Anisotropy, Density (Number/Volume), Flow Velocity, Gravitational Fields, Stellar Mass, Time Dependence, Velocity Distribution, X Ray Sources},
	Month = oct,
	Pages = {214-232},
	Title = {{Star distribution around a massive black hole in a globular cluster}},
	Volume = 209,
	Year = 1976,
	Bdsk-Url-1 = {http://dx.doi.org/10.1086/154711}}

@article{Freitag:2006qf,
	Archiveprefix = {arXiv},
	Author = {Freitag, Marc and Amaro-Seoane, Pau and Kalogera, Vassiliki},
	Date-Added = {2018-06-03 16:17:40 +0000},
	Date-Modified = {2018-06-03 16:17:40 +0000},
	Doi = {10.1086/506193},
	Eprint = {astro-ph/0603280},
	Journal = {Astrophys. J.},
	Pages = {91-117},
	Primaryclass = {astro-ph},
	Slaccitation = {%%CITATION = ASTRO-PH/0603280;%%},
	Title = {{Stellar remnants in galactic nuclei: mass segregation}},
	Volume = {649},
	Year = {2006},
	Bdsk-Url-1 = {http://dx.doi.org/10.1086/506193}}

@article{Fornengo:2014mna,
	Archiveprefix = {arXiv},
	Author = {Fornengo, Nicolao and Lineros, Roberto A. and Regis, Marco and Taoso, Marco},
	Date-Added = {2018-06-01 21:49:17 +0000},
	Date-Modified = {2018-06-01 21:49:17 +0000},
	Doi = {10.1088/1475-7516/2014/04/008},
	Eprint = {1402.2218},
	Journal = {JCAP},
	Pages = {008},
	Primaryclass = {astro-ph.CO},
	Slaccitation = {%%CITATION = ARXIV:1402.2218;%%},
	Title = {{The isotropic radio background revisited}},
	Volume = {1404},
	Year = {2014},
	Bdsk-Url-1 = {http://dx.doi.org/10.1088/1475-7516/2014/04/008}}

@article{2011ApJ...734....5F,
	Adsnote = {Provided by the SAO/NASA Astrophysics Data System},
	Adsurl = {http://adsabs.harvard.edu/abs/2011ApJ...734....5F},
	Archiveprefix = {arXiv},
	Author = {{Fixsen}, D.~J. and {Kogut}, A. and {Levin}, S. and {Limon}, M. and {Lubin}, P. and {Mirel}, P. and {Seiffert}, M. and {Singal}, J. and {Wollack}, E. and {Villela}, T. and {Wuensche}, C.~A.},
	Date-Added = {2018-06-01 21:47:00 +0000},
	Date-Modified = {2018-06-01 21:47:22 +0000},
	Doi = {10.1088/0004-637X/734/1/5},
	Eid = {5},
	Eprint = {0901.0555},
	Journal = {Astrophys. J.},
	Keywords = {cosmic background radiation, diffuse radiation, radio continuum: general},
	Month = jun,
	Pages = {5},
	Title = {{ARCADE 2 Measurement of the Absolute Sky Brightness at 3-90 GHz}},
	Volume = 734,
	Year = 2011,
	Bdsk-Url-1 = {http://dx.doi.org/10.1088/0004-637X/734/1/5}}

@article{PhysRevD.69.123501,
	Author = {Evans, N. W. and Ferrer, F. and Sarkar, S.},
	Date-Added = {2018-06-01 00:27:26 +0000},
	Date-Modified = {2018-06-01 00:27:26 +0000},
	Doi = {10.1103/PhysRevD.69.123501},
	Issue = {12},
	Journal = {Phys. Rev. D},
	Month = {Jun},
	Numpages = {10},
	Pages = {123501},
	Publisher = {American Physical Society},
	Title = {A travel guide to the dark matter annihilation signal},
	Url = {https://link.aps.org/doi/10.1103/PhysRevD.69.123501},
	Volume = {69},
	Year = {2004},
	Bdsk-Url-1 = {https://link.aps.org/doi/10.1103/PhysRevD.69.123501},
	Bdsk-Url-2 = {http://dx.doi.org/10.1103/PhysRevD.69.123501}}

@article{Read:2015sta,
	Archiveprefix = {arXiv},
	Author = {Read, J. I. and Agertz, O. and Collins, M. L. M.},
	Date-Added = {2018-06-01 00:14:12 +0000},
	Date-Modified = {2018-06-01 00:14:12 +0000},
	Doi = {10.1093/mnras/stw713},
	Eprint = {1508.04143},
	Journal = {Mon. Not. Roy. Astron. Soc.},
	Number = {3},
	Pages = {2573-2590},
	Primaryclass = {astro-ph.GA},
	Slaccitation = {%%CITATION = ARXIV:1508.04143;%%},
	Title = {{Dark matter cores all the way down}},
	Volume = {459},
	Year = {2016},
	Bdsk-Url-1 = {http://dx.doi.org/10.1093/mnras/stw713}}

@article{Kuranov:2006kw,
	Archiveprefix = {arXiv},
	Author = {Kuranov, A. G. and Postnov, K. A.},
	Date-Added = {2018-05-31 19:38:30 +0000},
	Date-Modified = {2018-05-31 19:38:30 +0000},
	Doi = {10.1134/S106377370606003X},
	Eprint = {astro-ph/0605115},
	Journal = {Astron. Lett.},
	Pages = {393},
	Primaryclass = {astro-ph},
	Slaccitation = {%%CITATION = ASTRO-PH/0605115;%%},
	Title = {{Neutron stars in globular clusters: formation and observational manifestations}},
	Volume = {32},
	Year = {2006},
	Bdsk-Url-1 = {http://dx.doi.org/10.1134/S106377370606003X}}

@article{1999AJ....118.1245B,
	Adsnote = {Provided by the SAO/NASA Astrophysics Data System},
	Adsurl = {http://adsabs.harvard.edu/abs/1999AJ....118.1245B},
	Author = {{Brown}, J.~A. and {Wallerstein}, G. and {Gonzalez}, G.},
	Date-Added = {2018-05-31 14:02:41 +0000},
	Date-Modified = {2018-05-31 14:02:56 +0000},
	Doi = {10.1086/300996},
	Journal = {Astron. J.},
	Keywords = {GALAXY: GLOBULAR CLUSTERS: INDIVIDUAL: MESSIER NUMBER: M54, STARS: ABUNDANCES},
	Month = sep,
	Pages = {1245-1251},
	Title = {{Elemental Abundances in Five Stars in M54, A Globular Cluster Associated with the Sagittarius Galaxy}},
	Volume = 118,
	Year = 1999,
	Bdsk-Url-1 = {http://dx.doi.org/10.1086/300996}}

@article{Kunder:2009nb,
	Archiveprefix = {arXiv},
	Author = {Kunder, Andrea and Chaboyer, Brian},
	Date-Added = {2018-05-30 16:12:53 +0000},
	Date-Modified = {2018-05-30 16:12:53 +0000},
	Doi = {10.1088/0004-6256/137/5/4478},
	Eprint = {0903.3040},
	Journal = {Astron. J.},
	Pages = {4478},
	Primaryclass = {astro-ph.SR},
	Slaccitation = {%%CITATION = ARXIV:0903.3040;%%},
	Title = {{Distance to the Sagittarius Dwarf Galaxy using MACHO Project RR Lyrae stars}},
	Volume = {137},
	Year = {2009},
	Bdsk-Url-1 = {http://dx.doi.org/10.1088/0004-6256/137/5/4478}}

@article{Macquart:2015jfa,
	Archiveprefix = {arXiv},
	Author = {Macquart, Jean-Pierre and Kanekar, Nissim},
	Date-Added = {2018-05-24 20:13:55 +0000},
	Date-Modified = {2018-05-24 20:13:55 +0000},
	Doi = {10.1088/0004-637X/805/2/172},
	Eprint = {1504.02492},
	Journal = {Astrophys. J.},
	Number = {2},
	Pages = {172},
	Primaryclass = {astro-ph.HE},
	Slaccitation = {%%CITATION = ARXIV:1504.02492;%%},
	Title = {{On Detecting Millisecond Pulsars at the Galactic Center}},
	Volume = {805},
	Year = {2015},
	Bdsk-Url-1 = {http://dx.doi.org/10.1088/0004-637X/805/2/172}}

@article{Navarro:1995iw,
	Author = {Navarro, Julio F. and Frenk, Carlos S. and White, Simon D. M.},
	Date-Added = {2018-05-23 20:41:50 +0000},
	Date-Modified = {2018-05-23 20:41:50 +0000},
	Doi = {10.1086/177173},
	Eprint = {astro-ph/9508025},
	Journal = {Astrophys. J.},
	Pages = {563-575},
	Slaccitation = {%%CITATION = ASTRO-PH/9508025;%%},
	Title = {{The Structure of cold dark matter halos}},
	Volume = {462},
	Year = {1996},
	Bdsk-Url-1 = {http://dx.doi.org/10.1086/177173}}

@article{Navarro:1996gj,
	Archiveprefix = {arXiv},
	Author = {Navarro, Julio F. and Frenk, Carlos S. and White, Simon D. M.},
	Date-Added = {2018-05-23 20:41:50 +0000},
	Date-Modified = {2018-05-23 20:41:50 +0000},
	Doi = {10.1086/304888},
	Eprint = {astro-ph/9611107},
	Journal = {Astrophys. J.},
	Pages = {493-508},
	Primaryclass = {astro-ph},
	Slaccitation = {%%CITATION = ASTRO-PH/9611107;%%},
	Title = {{A Universal density profile from hierarchical clustering}},
	Volume = {490},
	Year = {1997},
	Bdsk-Url-1 = {http://dx.doi.org/10.1086/304888}}

@article{2015MNRAS.447..948C,
	Adsnote = {Provided by the SAO/NASA Astrophysics Data System},
	Adsurl = {http://adsabs.harvard.edu/abs/2015MNRAS.447..948C},
	Archiveprefix = {arXiv},
	Author = {{Chatzopoulos}, S. and {Fritz}, T.~K. and {Gerhard}, O. and {Gillessen}, S. and {Wegg}, C. and {Genzel}, R. and {Pfuhl}, O.},
	Date-Added = {2018-05-23 19:41:33 +0000},
	Date-Modified = {2018-05-23 20:20:19 +0000},
	Doi = {10.1093/mnras/stu2452},
	Eprint = {1403.5266},
	Journal = {MNRAS},
	Keywords = {galaxy: centre, galaxy: kinematics and dynamics},
	Month = feb,
	Pages = {948-968},
	Title = {{The old nuclear star cluster in the Milky Way: dynamics, mass, statistical parallax, and black hole mass}},
	Volume = 447,
	Year = 2015,
	Bdsk-Url-1 = {http://dx.doi.org/10.1093/mnras/stu2452}}

@article{2009A&A...502...91S,
	Adsnote = {Provided by the SAO/NASA Astrophysics Data System},
	Adsurl = {http://adsabs.harvard.edu/abs/2009A%26A...502...91S},
	Archiveprefix = {arXiv},
	Author = {{Sch{\"o}del}, R. and {Merritt}, D. and {Eckart}, A.},
	Date-Added = {2018-05-23 19:21:45 +0000},
	Date-Modified = {2018-05-23 19:22:42 +0000},
	Doi = {10.1051/0004-6361/200810922},
	Eprint = {0902.3892},
	Journal = {Astron.Astrophys.},
	Keywords = {instrumentation: adaptive optics, techniques: high angular resolution, stars: kinematics, Galaxy: center, Galaxy: structure},
	Month = jul,
	Pages = {91-111},
	Title = {{The nuclear star cluster of the Milky Way: proper motions and mass}},
	Volume = 502,
	Year = 2009,
	Bdsk-Url-1 = {http://dx.doi.org/10.1051/0004-6361/200810922}}

@article{Bissantz:2001wx,
	Archiveprefix = {arXiv},
	Author = {Bissantz, Nicolai and Gerhard, Ortwin},
	Date-Added = {2018-05-23 19:17:42 +0000},
	Date-Modified = {2018-05-23 19:17:42 +0000},
	Doi = {10.1046/j.1365-8711.2002.05116.x},
	Eprint = {astro-ph/0110368},
	Journal = {Mon. Not. Roy. Astron. Soc.},
	Pages = {591},
	Primaryclass = {astro-ph},
	Slaccitation = {%%CITATION = ASTRO-PH/0110368;%%},
	Title = {{Spiral arms, bar shape and bulge microlensing in the milky way}},
	Volume = {330},
	Year = {2002},
	Bdsk-Url-1 = {http://dx.doi.org/10.1046/j.1365-8711.2002.05116.x}}

@article{2011MNRAS.414.2446M,
	Adsnote = {Provided by the SAO/NASA Astrophysics Data System},
	Adsurl = {http://adsabs.harvard.edu/abs/2011MNRAS.414.2446M},
	Archiveprefix = {arXiv},
	Author = {{McMillan}, P.~J.},
	Date-Added = {2018-05-23 17:48:57 +0000},
	Date-Modified = {2018-05-23 17:49:10 +0000},
	Doi = {10.1111/j.1365-2966.2011.18564.x},
	Eprint = {1102.4340},
	Journal = {MNRAS},
	Keywords = {methods: statistical, Galaxy: fundamental parameters, Galaxy: kinematics and dynamics},
	Month = jul,
	Pages = {2446-2457},
	Title = {{Mass models of the Milky Way}},
	Volume = 414,
	Year = 2011,
	Bdsk-Url-1 = {http://dx.doi.org/10.1111/j.1365-2966.2011.18564.x}}

@article{2010JCAP...01..005F,
	Adsnote = {Provided by the SAO/NASA Astrophysics Data System},
	Adsurl = {http://adsabs.harvard.edu/abs/2010JCAP...01..005F},
	Archiveprefix = {arXiv},
	Author = {{Faucher-Gigu{\`e}re}, C.-A. and {Loeb}, A.},
	Date-Added = {2018-05-23 17:29:31 +0000},
	Date-Modified = {2018-05-23 17:29:39 +0000},
	Doi = {10.1088/1475-7516/2010/01/005},
	Eid = {005},
	Eprint = {0904.3102},
	Journal = {JCAP},
	Month = jan,
	Pages = {005},
	Primaryclass = {astro-ph.HE},
	Title = {{The pulsar contribution to the gamma-ray background}},
	Volume = 1,
	Year = 2010,
	Bdsk-Url-1 = {http://dx.doi.org/10.1088/1475-7516/2010/01/005}}

@article{2010MNRAS.401.2675P,
	Adsnote = {Provided by the SAO/NASA Astrophysics Data System},
	Adsurl = {http://adsabs.harvard.edu/abs/2010MNRAS.401.2675P},
	Archiveprefix = {arXiv},
	Author = {{Popov}, S.~B. and {Pons}, J.~A. and {Miralles}, J.~A. and {Boldin}, P.~A. and {Posselt}, B.},
	Date-Added = {2018-05-22 23:36:30 +0000},
	Date-Modified = {2018-05-22 23:36:38 +0000},
	Doi = {10.1111/j.1365-2966.2009.15850.x},
	Eprint = {0910.2190},
	Journal = {MNRAS},
	Keywords = {stars: neutron, pulsars: general},
	Month = feb,
	Pages = {2675-2686},
	Primaryclass = {astro-ph.HE},
	Title = {{Population synthesis studies of isolated neutron stars with magnetic field decay}},
	Volume = 401,
	Year = 2010,
	Bdsk-Url-1 = {http://dx.doi.org/10.1111/j.1365-2966.2009.15850.x}}

@article{Philippov:2013aha,
	Archiveprefix = {arXiv},
	Author = {Philippov, Alexander and Tchekhovskoy, Alexander and Li, Jason G.},
	Date-Added = {2018-05-22 23:34:27 +0000},
	Date-Modified = {2018-05-22 23:34:27 +0000},
	Doi = {10.1093/mnras/stu591},
	Eprint = {1311.1513},
	Journal = {Mon. Not. Roy. Astron. Soc.},
	Number = {3},
	Pages = {1879-1887},
	Primaryclass = {astro-ph.HE},
	Slaccitation = {%%CITATION = ARXIV:1311.1513;%%},
	Title = {{Time evolution of pulsar obliquity angle from 3D simulations of magnetospheres}},
	Volume = {441},
	Year = {2014},
	Bdsk-Url-1 = {http://dx.doi.org/10.1093/mnras/stu591}}

@article{Hook:2018iia,
	Archiveprefix = {arXiv},
	Author = {Hook, Anson and others},
	Date-Added = {2018-05-19 19:26:43 +0000},
	Date-Modified = {2018-05-19 19:26:43 +0000},
	Eprint = {1804.03145},
	Primaryclass = {hep-ph},
	Slaccitation = {%%CITATION = ARXIV:1804.03145;%%},
	Title = {{Radio Signals from Axion Dark Matter Conversion in Neutron Star Magnetospheres}},
	Year = {2018}}

@book{gurevich2006physics,
	Author = {Gurevich, A.V. and Beskin, V.S. and Istomin, J.N. and Istomin, Y.N.},
	Date-Added = {2018-04-05 23:12:16 +0000},
	Date-Modified = {2018-04-05 23:12:16 +0000},
	Isbn = {9780521032537},
	Lccn = {92018417},
	Publisher = {Cambridge University Press},
	Title = {Physics of the Pulsar Magnetosphere},
	Url = {https://books.google.com/books?id=xp6S-9ZvDXQC},
	Year = {2006},
	Bdsk-Url-1 = {https://books.google.com/books?id=xp6S-9ZvDXQC}}

@article{Cowan:2010js,
	Archiveprefix = {arXiv},
	Author = {Cowan, Glen and Cranmer, Kyle and Gross, Eilam and Vitells, Ofer},
	Date-Added = {2018-03-28 17:51:22 +0000},
	Date-Modified = {2018-03-28 17:51:22 +0000},
	Doi = {10.1140/epjc/s10052-011-1554-0, 10.1140/epjc/s10052-013-2501-z},
	Eprint = {1007.1727},
	Journal = {Eur. Phys. J.},
	Note = {[Erratum: Eur. Phys. J.C73,2501(2013)]},
	Pages = {1554},
	Primaryclass = {physics.data-an},
	Slaccitation = {%%CITATION = ARXIV:1007.1727;%%},
	Title = {{Asymptotic formulae for likelihood-based tests of new physics}},
	Volume = {C71},
	Year = {2011},
	Bdsk-Url-1 = {http://dx.doi.org/10.1140/epjc/s10052-011-1554-0,%2010.1140/epjc/s10052-013-2501-z}}

@article{2015MNRAS.448..713P,
	Adsnote = {Provided by the SAO/NASA Astrophysics Data System},
	Adsurl = {http://adsabs.harvard.edu/abs/2015MNRAS.448..713P},
	Archiveprefix = {arXiv},
	Author = {{Portail}, M. and {Wegg}, C. and {Gerhard}, O. and {Martinez-Valpuesta}, I.},
	Date-Added = {2018-03-28 17:27:52 +0000},
	Date-Modified = {2018-03-28 17:28:52 +0000},
	Doi = {10.1093/mnras/stv058},
	Eprint = {1502.00633},
	Journal = {MNRAS},
	Keywords = {methods: numerical, Galaxy: bulge, Galaxy: centre, Galaxy: kinematics and dynamics, Galaxy: structure},
	Month = mar,
	Pages = {713-731},
	Title = {{Made-to-measure models of the Galactic box/peanut bulge: stellar and total mass in the bulge region}},
	Volume = 448,
	Year = 2015,
	Bdsk-Url-1 = {http://dx.doi.org/10.1093/mnras/stv058}}

@article{Huang:2018lxq,
	Archiveprefix = {arXiv},
	Author = {Huang, Fa Peng and Kadota, Kenji and Sekiguchi, Toyokazu and Tashiro, Hiroyuki},
	Date-Added = {2018-03-24 23:07:43 +0000},
	Date-Modified = {2018-03-24 23:07:43 +0000},
	Eprint = {1803.08230},
	Primaryclass = {hep-ph},
	Slaccitation = {%%CITATION = ARXIV:1803.08230;%%},
	Title = {{The radio telescope search for the resonant conversion of cold dark matter axions from the magnetized astrophysical sources}},
	Year = {2018}}

@article{Myeong:2017skt,
	Archiveprefix = {arXiv},
	Author = {Myeong, G. C. and Evans, N. W. and Belokurov, V. and Amorisco, N. C. and Koposov, S.},
	Date-Added = {2018-03-14 19:13:01 +0000},
	Date-Modified = {2018-03-14 19:13:01 +0000},
	Doi = {10.1093/mnras/stx3262},
	Eprint = {1712.04071},
	Primaryclass = {astro-ph.GA},
	Slaccitation = {%%CITATION = ARXIV:1712.04071;%%},
	Title = {{Halo Substructure in the SDSS-Gaia Catalogue : Streams and Clumps}},
	Year = {2017},
	Bdsk-Url-1 = {http://dx.doi.org/10.1093/mnras/stx3262}}

@article{Co:2017mop,
	Archiveprefix = {arXiv},
	Author = {Co, Raymond T. and Hall, Lawrence J. and Harigaya, Keisuke},
	Date-Added = {2018-03-12 02:29:41 +0000},
	Date-Modified = {2018-03-12 02:29:41 +0000},
	Eprint = {1711.10486},
	Primaryclass = {hep-ph},
	Reportnumber = {LCTP-17-11},
	Slaccitation = {%%CITATION = ARXIV:1711.10486;%%},
	Title = {{QCD Axion Dark Matter with a Small Decay Constant}},
	Year = {2017}}

@article{Irastorza:2018dyq,
	Archiveprefix = {arXiv},
	Author = {Irastorza, Igor G. and Redondo, Javier},
	Date-Added = {2018-02-26 22:11:07 +0000},
	Date-Modified = {2018-02-26 22:11:07 +0000},
	Eprint = {1801.08127},
	Primaryclass = {hep-ph},
	Slaccitation = {%%CITATION = ARXIV:1801.08127;%%},
	Title = {{New experimental approaches in the search for axion-like particles}},
	Year = {2018}}

@article{TheMADMAXWorkingGroup:2016hpc,
	Archiveprefix = {arXiv},
	Author = {Caldwell, Allen and Dvali, Gia and Majorovits, B{\'e}la and Millar, Alexander and Raffelt, Georg and Redondo, Javier and Reimann, Olaf and Simon, Frank and Steffen, Frank},
	Collaboration = {MADMAX Working Group},
	Date-Added = {2018-02-26 22:09:04 +0000},
	Date-Modified = {2018-02-26 22:09:04 +0000},
	Doi = {10.1103/PhysRevLett.118.091801},
	Eprint = {1611.05865},
	Journal = {Phys. Rev. Lett.},
	Number = {9},
	Pages = {091801},
	Primaryclass = {physics.ins-det},
	Slaccitation = {%%CITATION = ARXIV:1611.05865;%%},
	Title = {{Dielectric Haloscopes: A New Way to Detect Axion Dark Matter}},
	Volume = {118},
	Year = {2017},
	Bdsk-Url-1 = {https://dx.doi.org/10.1103/PhysRevLett.118.091801}}

@inproceedings{Majorovits:2016yvk,
	Archiveprefix = {arXiv},
	Author = {Majorovits, B{\'e}la and Redondo, Javier},
	Booktitle = {{Proceedings, 12th Patras Workshop on Axions, WIMPs and WISPs (PATRAS 2016): Jeju Island, South Korea, June 20-24, 2016}},
	Collaboration = {MADMAX Working Group},
	Date-Added = {2018-02-26 22:08:35 +0000},
	Date-Modified = {2018-02-26 22:08:35 +0000},
	Doi = {10.3204/DESY-PROC-2009-03/Majorovits_Bela},
	Eprint = {1611.04549},
	Pages = {94-97},
	Primaryclass = {astro-ph.IM},
	Slaccitation = {%%CITATION = ARXIV:1611.04549;%%},
	Title = {{MADMAX: A new Dark Matter Axion Search using a Dielectric Haloscope}},
	Url = {http://inspirehep.net/record/1497722/files/arXiv:1611.04549.pdf},
	Year = {2017},
	Bdsk-Url-1 = {http://inspirehep.net/record/1497722/files/arXiv:1611.04549.pdf},
	Bdsk-Url-2 = {https://dx.doi.org/10.3204/DESY-PROC-2009-03/Majorovits_Bela}}

@article{Morris:1984iz,
	Author = {Morris, Donald E.},
	Date-Added = {2018-02-26 21:45:29 +0000},
	Date-Modified = {2018-02-26 21:45:29 +0000},
	Doi = {10.1103/PhysRevD.34.843},
	Journal = {Phys. Rev.},
	Pages = {843},
	Reportnumber = {LBL-18690},
	Slaccitation = {%%CITATION = PHRVA,D34,843;%%},
	Title = {{Axion Mass Limits From Pulsar X-rays}},
	Volume = {D34},
	Year = {1986},
	Bdsk-Url-1 = {https://dx.doi.org/10.1103/PhysRevD.34.843}}

@article{Philippov:2013tpa,
	Archiveprefix = {arXiv},
	Author = {Philippov, Alexander A. and Spitkovsky, Anatoly},
	Date-Added = {2018-02-26 16:58:34 +0000},
	Date-Modified = {2018-02-26 16:58:34 +0000},
	Doi = {10.1088/2041-8205/785/2/L33},
	Eprint = {1312.4970},
	Journal = {Astrophys. J.},
	Pages = {L33},
	Primaryclass = {astro-ph.HE},
	Slaccitation = {%%CITATION = ARXIV:1312.4970;%%},
	Title = {{Ab-initio pulsar magnetosphere: three-dimensional particle-in-cell simulations of axisymmetric pulsars}},
	Volume = {785},
	Year = {2014},
	Bdsk-Url-1 = {http://dx.doi.org/10.1088/2041-8205/785/2/L33}}

@article{Silva-Feaver:2016qhh,
	Archiveprefix = {arXiv},
	Author = {Silva-Feaver, Maximiliano and others},
	Booktitle = {{Proceedings, Applied Superconductivity Conference (ASC 2016): Denver, Colorado, September 4-9, 2016}},
	Date-Added = {2018-02-26 02:05:39 +0000},
	Date-Modified = {2018-02-26 02:05:39 +0000},
	Doi = {10.1109/TASC.2016.2631425},
	Eprint = {1610.09344},
	Journal = {IEEE Trans. Appl. Supercond.},
	Number = {4},
	Pages = {1400204},
	Primaryclass = {astro-ph.IM},
	Slaccitation = {%%CITATION = ARXIV:1610.09344;%%},
	Title = {{Design Overview of the DM Radio Pathfinder Experiment}},
	Volume = {27},
	Year = {2016},
	Bdsk-Url-1 = {http://dx.doi.org/10.1109/TASC.2016.2631425}}

@article{Foster:2017hbq,
	Archiveprefix = {arXiv},
	Author = {Foster, Joshua W. and Rodd, Nicholas L. and Safdi, Benjamin R.},
	Date-Added = {2018-02-26 01:43:43 +0000},
	Date-Modified = {2018-02-26 01:43:43 +0000},
	Eprint = {1711.10489},
	Primaryclass = {astro-ph.CO},
	Reportnumber = {LCTP-17-08, MIT-CTP-4964},
	Slaccitation = {%%CITATION = ARXIV:1711.10489;%%},
	Title = {{Revealing the Dark Matter Halo with Axion Direct Detection}},
	Year = {2017}}

@article{Kahn:2016aff,
	Archiveprefix = {arXiv},
	Author = {Kahn, Yonatan and Safdi, Benjamin R. and Thaler, Jesse},
	Date-Added = {2018-02-26 01:43:11 +0000},
	Date-Modified = {2018-02-26 01:43:11 +0000},
	Doi = {10.1103/PhysRevLett.117.141801},
	Eprint = {1602.01086},
	Journal = {Phys. Rev. Lett.},
	Number = {14},
	Pages = {141801},
	Primaryclass = {hep-ph},
	Reportnumber = {MIT-CTP-4763, PUPT-2497},
	Slaccitation = {%%CITATION = ARXIV:1602.01086;%%},
	Title = {{Broadband and Resonant Approaches to Axion Dark Matter Detection}},
	Volume = {117},
	Year = {2016},
	Bdsk-Url-1 = {http://dx.doi.org/10.1103/PhysRevLett.117.141801}}

@article{Brubaker:2017rna,
	Archiveprefix = {arXiv},
	Author = {Brubaker, B. M. and Zhong, L. and Lamoreaux, S. K. and Lehnert, K. W. and van Bibber, K. A.},
	Date-Added = {2018-02-26 01:39:32 +0000},
	Date-Modified = {2018-02-26 01:39:32 +0000},
	Eprint = {1706.08388},
	Primaryclass = {astro-ph.IM},
	Slaccitation = {%%CITATION = ARXIV:1706.08388;%%},
	Title = {{The HAYSTAC Axion Search Analysis Procedure}},
	Year = {2017}}

@article{Kenany:2016tta,
	Archiveprefix = {arXiv},
	Author = {Al Kenany, S. and others},
	Date-Added = {2018-02-26 01:38:58 +0000},
	Date-Modified = {2018-02-26 01:38:58 +0000},
	Doi = {10.1016/j.nima.2017.02.012},
	Eprint = {1611.07123},
	Journal = {Nucl. Instrum. Meth.},
	Pages = {11-24},
	Primaryclass = {physics.ins-det},
	Slaccitation = {%%CITATION = ARXIV:1611.07123;%%},
	Title = {{Design and operational experience of a microwave cavity axion detector for the 20--100 $\mu$eV range}},
	Volume = {A854},
	Year = {2017},
	Bdsk-Url-1 = {http://dx.doi.org/10.1016/j.nima.2017.02.012}}

@article{Brubaker:2016ktl,
	Archiveprefix = {arXiv},
	Author = {Brubaker, B. M. and others},
	Date-Added = {2018-02-26 01:38:20 +0000},
	Date-Modified = {2018-02-26 01:38:20 +0000},
	Doi = {10.1103/PhysRevLett.118.061302},
	Eprint = {1610.02580},
	Journal = {Phys. Rev. Lett.},
	Number = {6},
	Pages = {061302},
	Primaryclass = {astro-ph.CO},
	Slaccitation = {%%CITATION = ARXIV:1610.02580;%%},
	Title = {{First results from a microwave cavity axion search at 24 $\mu$eV}},
	Volume = {118},
	Year = {2017},
	Bdsk-Url-1 = {http://dx.doi.org/10.1103/PhysRevLett.118.061302}}

@article{Arik:2013nya,
	Archiveprefix = {arXiv},
	Author = {Arik, M. and others},
	Collaboration = {CAST},
	Date-Added = {2018-02-26 01:16:24 +0000},
	Date-Modified = {2018-02-26 01:16:24 +0000},
	Doi = {10.1103/PhysRevLett.112.091302},
	Eprint = {1307.1985},
	Journal = {Phys. Rev. Lett.},
	Number = {9},
	Pages = {091302},
	Primaryclass = {hep-ex},
	Slaccitation = {%%CITATION = ARXIV:1307.1985;%%},
	Title = {{Search for Solar Axions by the CERN Axion Solar Telescope with $^3$He Buffer Gas: Closing the Hot Dark Matter Gap}},
	Volume = {112},
	Year = {2014},
	Bdsk-Url-1 = {http://dx.doi.org/10.1103/PhysRevLett.112.091302}}

@article{Arik:2015cjv,
	Archiveprefix = {arXiv},
	Author = {Arik, M. and others},
	Collaboration = {CAST},
	Date-Added = {2018-02-26 01:15:42 +0000},
	Date-Modified = {2018-02-26 01:15:42 +0000},
	Doi = {10.1103/PhysRevD.92.021101},
	Eprint = {1503.00610},
	Journal = {Phys. Rev.},
	Number = {2},
	Pages = {021101},
	Primaryclass = {hep-ex},
	Slaccitation = {%%CITATION = ARXIV:1503.00610;%%},
	Title = {{New solar axion search using the CERN Axion Solar Telescope with $^4$He filling}},
	Volume = {D92},
	Year = {2015},
	Bdsk-Url-1 = {http://dx.doi.org/10.1103/PhysRevD.92.021101}}

@article{Anastassopoulos:2017ftl,
	Archiveprefix = {arXiv},
	Author = {Anastassopoulos, V. and others},
	Collaboration = {CAST},
	Date-Added = {2018-02-26 01:11:30 +0000},
	Date-Modified = {2018-02-26 01:11:30 +0000},
	Doi = {10.1038/nphys4109},
	Eprint = {1705.02290},
	Journal = {Nature Phys.},
	Pages = {584-590},
	Primaryclass = {hep-ex},
	Slaccitation = {%%CITATION = ARXIV:1705.02290;%%},
	Title = {{New CAST Limit on the Axion-Photon Interaction}},
	Volume = {13},
	Year = {2017},
	Bdsk-Url-1 = {http://dx.doi.org/10.1038/nphys4109}}

@article{Ivanova:2007bu,
	Archiveprefix = {arXiv},
	Author = {Ivanova, N. and Heinke, C. and Rasio, F. A. and Belczynski, K. and Fregeau, J.},
	Date-Added = {2018-02-23 22:38:01 +0000},
	Date-Modified = {2018-02-23 22:38:01 +0000},
	Doi = {10.1111/j.1365-2966.2008.13064.x},
	Eprint = {0706.4096},
	Journal = {Mon. Not. Roy. Astron. Soc.},
	Pages = {553-576},
	Primaryclass = {astro-ph},
	Slaccitation = {%%CITATION = ARXIV:0706.4096;%%},
	Title = {{Formation and evolution of compact binaries in globular clusters: II. Binaries with neutron stars}},
	Volume = {386},
	Year = {2008},
	Bdsk-Url-1 = {http://dx.doi.org/10.1111/j.1365-2966.2008.13064.x}}

@article{2009ApJ...699L.169I,
	Adsnote = {Provided by the SAO/NASA Astrophysics Data System},
	Adsurl = {http://adsabs.harvard.edu/abs/2009ApJ...699L.169I},
	Archiveprefix = {arXiv},
	Author = {{Ibata}, R. and {Bellazzini}, M. and {Chapman}, S.~C. and {Dalessandro}, E. and {Ferraro}, F. and {Irwin}, M. and {Lanzoni}, B. and {Lewis}, G.~F. and {Mackey}, A.~D. and {Miocchi}, P. and {Varghese}, A.},
	Date-Added = {2018-02-23 22:23:43 +0000},
	Date-Modified = {2018-02-23 22:23:57 +0000},
	Doi = {10.1088/0004-637X/699/2/L169},
	Eprint = {0906.4894},
	Journal = {ApJL},
	Keywords = {black hole physics, globular clusters: individual: M54, stellar dynamics},
	Month = jul,
	Pages = {L169-L173},
	Primaryclass = {astro-ph.GA},
	Title = {{Density and Kinematic Cusps in M54 at the Heart of the Sagittarius Dwarf Galaxy: Evidence for A 10$^{4}$ M $_{sun}$ Black Hole?}},
	Volume = 699,
	Year = 2009,
	Bdsk-Url-1 = {http://dx.doi.org/10.1088/0004-637X/699/2/L169}}

@article{Monaco:2004ke,
	Archiveprefix = {arXiv},
	Author = {Monaco, Lorenzo and Bellazzini, M. and Ferraro, F. R. and Pancino, E.},
	Date-Added = {2018-02-23 22:22:43 +0000},
	Date-Modified = {2018-02-23 22:22:43 +0000},
	Doi = {10.1111/j.1365-2966.2004.08579.x},
	Eprint = {astro-ph/0411107},
	Journal = {Mon. Not. Roy. Astron. Soc.},
	Pages = {1396-1402},
	Primaryclass = {astro-ph},
	Slaccitation = {%%CITATION = ASTRO-PH/0411107;%%},
	Title = {{The Central density cusp of the Sagittarius dwarf spheroidal galaxy}},
	Volume = {356},
	Year = {2005},
	Bdsk-Url-1 = {http://dx.doi.org/10.1111/j.1365-2966.2004.08579.x}}

@article{Eatough:2013nva,
	Archiveprefix = {arXiv},
	Author = {Eatough, R. P. and others},
	Date-Added = {2018-02-23 18:33:14 +0000},
	Date-Modified = {2018-02-23 18:33:14 +0000},
	Doi = {10.1038/nature12499},
	Eprint = {1308.3147},
	Journal = {Nature},
	Pages = {391-394},
	Primaryclass = {astro-ph.GA},
	Slaccitation = {%%CITATION = ARXIV:1308.3147;%%},
	Title = {{A strong magnetic field around the supermassive black hole at the centre of the Galaxy}},
	Volume = {501},
	Year = {2013},
	Bdsk-Url-1 = {http://dx.doi.org/10.1038/nature12499}}

@article{Shannon:2013hla,
	Archiveprefix = {arXiv},
	Author = {Shannon, Ryan M. and Johnston, Simon},
	Date-Added = {2018-02-23 18:30:08 +0000},
	Date-Modified = {2018-02-23 18:30:08 +0000},
	Doi = {10.1093/mnrasl/slt088},
	Eprint = {1305.3036},
	Journal = {Mon. Not. Roy. Astron. Soc.},
	Pages = {29},
	Primaryclass = {astro-ph.HE},
	Slaccitation = {%%CITATION = ARXIV:1305.3036;%%},
	Title = {{Radio properties of the magnetar near Sagittarius A* from observations with the Australia Telescope Compact Array}},
	Volume = {435},
	Year = {2013},
	Bdsk-Url-1 = {http://dx.doi.org/10.1093/mnrasl/slt088}}

@article{Mori:2013yda,
	Archiveprefix = {arXiv},
	Author = {Mori, Kaya and others},
	Date-Added = {2018-02-23 18:21:09 +0000},
	Date-Modified = {2018-02-23 18:21:09 +0000},
	Doi = {10.1088/2041-8205/770/2/L23},
	Eprint = {1305.1945},
	Journal = {Astrophys. J.},
	Pages = {L23},
	Primaryclass = {astro-ph.HE},
	Slaccitation = {%%CITATION = ARXIV:1305.1945;%%},
	Title = {{NuSTAR discovery of a 3.76-second transient magnetar near Sagittarius A*}},
	Volume = {770},
	Year = {2013},
	Bdsk-Url-1 = {http://dx.doi.org/10.1088/2041-8205/770/2/L23}}

@article{Kennea:2013dfa,
	Archiveprefix = {arXiv},
	Author = {Kennea, J. A. and others},
	Date-Added = {2018-02-23 18:19:43 +0000},
	Date-Modified = {2018-02-23 18:19:43 +0000},
	Doi = {10.1088/2041-8205/770/2/L24},
	Eprint = {1305.2128},
	Journal = {Astrophys. J.},
	Pages = {L24},
	Primaryclass = {astro-ph.HE},
	Slaccitation = {%%CITATION = ARXIV:1305.2128;%%},
	Title = {{Swift Discovery of a New Soft Gamma Repeater, SGR J1745-29, near Sagittarius A*}},
	Volume = {770},
	Year = {2013},
	Bdsk-Url-1 = {http://dx.doi.org/10.1088/2041-8205/770/2/L24}}

@article{1999A&A...349..389V,
	Adsnote = {Provided by the SAO/NASA Astrophysics Data System},
	Adsurl = {http://adsabs.harvard.edu/abs/1999A%26A...349..389V},
	Author = {{Voges}, W. and {Aschenbach}, B. and {Boller}, T. and {Br{\"a}uninger}, H. and {Briel}, U. and {Burkert}, W. and {Dennerl}, K. and {Englhauser}, J. and {Gruber}, R. and {Haberl}, F. and {Hartner}, G. and {Hasinger}, G. and {K{\"u}rster}, M. and {Pfeffermann}, E. and {Pietsch}, W. and {Predehl}, P. and {Rosso}, C. and {Schmitt}, J.~H.~M.~M. and {Tr{\"u}mper}, J. and {Zimmermann}, H.~U.},
	Date-Added = {2018-02-23 17:07:12 +0000},
	Date-Modified = {2018-02-23 17:08:19 +0000},
	Eprint = {astro-ph/9909315},
	Journal = {A\&A},
	Keywords = {CATALOGS, SURVEYS, X-RAYS: GENERAL},
	Month = sep,
	Pages = {389-405},
	Title = {{The ROSAT all-sky survey bright source catalogue}},
	Volume = 349,
	Year = 1999}

@article{Kaplan:2009ce,
	Archiveprefix = {arXiv},
	Author = {Kaplan, D. L. and van Kerkwijk, M. H.},
	Date-Added = {2018-02-23 17:00:04 +0000},
	Date-Modified = {2018-02-23 17:00:04 +0000},
	Doi = {10.1088/0004-637X/705/1/798},
	Eprint = {0909.5218},
	Journal = {Astrophys. J.},
	Pages = {798-808},
	Primaryclass = {astro-ph.HE},
	Slaccitation = {%%CITATION = ARXIV:0909.5218;%%},
	Title = {{Constraining the Spin-down of the Nearby Isolated Neutron Star RX J0806.4-4123, and Implications for the Population of Nearby Neutron Stars}},
	Volume = {705},
	Year = {2009},
	Bdsk-Url-1 = {http://dx.doi.org/10.1088/0004-637X/705/1/798}}

@article{Kaplan:2008qn,
	Archiveprefix = {arXiv},
	Author = {Kaplan, D. L.},
	Booktitle = {{Proceedings, 40 years of pulsars: Millisecond pulsars, magnetars and more: Montreal, Canada, August 12-17, 2007}},
	Date-Added = {2018-02-23 16:59:21 +0000},
	Date-Modified = {2018-02-23 16:59:21 +0000},
	Doi = {10.1063/1.2900177, 10.1063/1.2840384},
	Eprint = {0801.1143},
	Journal = {AIP Conf. Proc.},
	Note = {[AIP Conf. Proc.983,331(2008)]},
	Pages = {129-136},
	Primaryclass = {astro-ph},
	Slaccitation = {%%CITATION = ARXIV:0801.1143;%%},
	Title = {{Nearby, Thermally Emitting Neutron Stars}},
	Volume = {968},
	Year = {2008},
	Bdsk-Url-1 = {http://dx.doi.org/10.1063/1.2900177,%2010.1063/1.2840384}}

@article{1969ApJ...157..869G,
	Adsnote = {Provided by the SAO/NASA Astrophysics Data System},
	Adsurl = {http://adsabs.harvard.edu/abs/1969ApJ...157..869G},
	Author = {{Goldreich}, P. and {Julian}, W.~H.},
	Date-Added = {2018-02-13 21:19:56 +0000},
	Date-Modified = {2018-02-13 21:19:56 +0000},
	Doi = {10.1086/150119},
	Journal = {\apj},
	Month = aug,
	Pages = {869},
	Title = {{Pulsar Electrodynamics}},
	Volume = 157,
	Year = 1969,
	Bdsk-Url-1 = {http://dx.doi.org/10.1086/150119}}

@article{Pshirkov:2007st,
	Archiveprefix = {arXiv},
	Author = {Pshirkov, M. S.},
	Date-Added = {2018-02-13 20:55:02 +0000},
	Date-Modified = {2018-02-13 20:55:02 +0000},
	Doi = {10.1134/S1063776109030030},
	Eprint = {0711.1264},
	Journal = {J. Exp. Theor. Phys.},
	Pages = {384-388},
	Primaryclass = {astro-ph},
	Slaccitation = {%%CITATION = ARXIV:0711.1264;%%},
	Title = {{Conversion of Dark matter axions to photons in magnetospheres of neutron stars}},
	Volume = {108},
	Year = {2009},
	Bdsk-Url-1 = {http://dx.doi.org/10.1134/S1063776109030030}}

@article{Chelouche:2008ta,
	Archiveprefix = {arXiv},
	Author = {Chelouche, Doron and Rabadan, Raul and Pavlov, Sergey and Castejon, Francisco},
	Date-Added = {2018-02-13 20:52:38 +0000},
	Date-Modified = {2018-02-13 20:52:38 +0000},
	Doi = {10.1088/0067-0049/180/1/1},
	Eprint = {0806.0411},
	Journal = {Astrophys. J. Suppl.},
	Pages = {1-29},
	Primaryclass = {astro-ph},
	Slaccitation = {%%CITATION = ARXIV:0806.0411;%%},
	Title = {{Spectral Signatures of Photon-Particle Oscillations from Celestial Objects}},
	Volume = {180},
	Year = {2009},
	Bdsk-Url-1 = {http://dx.doi.org/10.1088/0067-0049/180/1/1}}

@inproceedings{Rosenberg:2015kxa,
	Author = {Rosenberg, Leslie J.},
	Booktitle = {{Sackler Colloquium: Dark Matter Universe: On the Threshhold of Discovery Irvine, USA, October 18-20, 2012}},
	Date-Added = {2018-02-13 01:06:32 +0000},
	Date-Modified = {2018-02-13 01:06:32 +0000},
	Doi = {10.1073/pnas.1308788112},
	Journal = {Proc. Nat. Acad. Sci.},
	Slaccitation = {%%CITATION = INSPIRE-1355312;%%},
	Title = {{Dark-matter QCD-axion searches}},
	Url = {http://arstechnica.com/science/2015/01/if-dark-matter-is-really-axions-we-could-find-out-soon/},
	Year = {2015},
	Bdsk-Url-1 = {http://arstechnica.com/science/2015/01/if-dark-matter-is-really-axions-we-could-find-out-soon/},
	Bdsk-Url-2 = {http://dx.doi.org/10.1073/pnas.1308788112}}

@article{seton19974,
	Author = {Seton, HC and Hutchison, JMS and Bussell, DM},
	Date-Added = {2018-02-12 20:07:08 +0000},
	Date-Modified = {2018-02-12 20:07:08 +0000},
	Journal = {Measurement Science and Technology},
	Number = {2},
	Pages = {198},
	Publisher = {IOP Publishing},
	Title = {{A 4.2 K receiver coil and SQUID amplifier used to improve the SNR of low-field magnetic resonance images of the human arm}},
	Volume = {8},
	Year = {1997}}

@article{Abbott:1982af,
	Author = {Abbott, L. F. and Sikivie, P.},
	Date-Added = {2018-02-12 20:07:08 +0000},
	Date-Modified = {2018-02-12 20:07:08 +0000},
	Doi = {10.1016/0370-2693(83)90638-X},
	Journal = {Phys. Lett.},
	Pages = {133-136},
	Reportnumber = {PRINT-82-0695 (BRANDEIS)},
	Slaccitation = {%%CITATION = PHLTA,B120,133;%%},
	Title = {{A Cosmological Bound on the Invisible Axion}},
	Volume = {B120},
	Year = {1983},
	Bdsk-Url-1 = {http://dx.doi.org/10.1016/0370-2693(83)90638-X}}

@article{Weinberg:1977ma,
	Author = {Weinberg, Steven},
	Date-Added = {2018-02-12 20:07:08 +0000},
	Date-Modified = {2018-02-12 20:07:08 +0000},
	Doi = {10.1103/PhysRevLett.40.223},
	Journal = {Phys.Rev.Lett.},
	Pages = {223-226},
	Reportnumber = {HUTP-77/A074},
	Slaccitation = {%%CITATION = PRLTA,40,223;%%},
	Title = {{A New Light Boson?}},
	Volume = {40},
	Year = {1978},
	Bdsk-Url-1 = {http://dx.doi.org/10.1103/PhysRevLett.40.223}}

@article{harvey1972precise,
	Author = {Harvey, IK},
	Date-Added = {2018-02-12 20:07:08 +0000},
	Date-Modified = {2018-02-12 20:07:08 +0000},
	Journal = {Review of Scientific Instruments},
	Number = {11},
	Pages = {1626--1629},
	Publisher = {AIP Publishing},
	Title = {A precise low temperature dc ratio transformer},
	Volume = {43},
	Year = {1972}}

@article{Dine:1981rt,
	Author = {Dine, Michael and Fischler, Willy and Srednicki, Mark},
	Date-Added = {2018-02-12 20:07:08 +0000},
	Date-Modified = {2018-02-12 20:07:08 +0000},
	Doi = {10.1016/0370-2693(81)90590-6},
	Journal = {Phys. Lett.},
	Pages = {199},
	Reportnumber = {Print-81-0320 (IAS,PRINCETON)},
	Slaccitation = {%%CITATION = PHLTA,B104,199;%%},
	Title = {{A Simple Solution to the Strong CP Problem with a Harmless Axion}},
	Volume = {B104},
	Year = {1981},
	Bdsk-Url-1 = {http://dx.doi.org/10.1016/0370-2693(81)90590-6}}

@article{Marsh:2015xka,
	Archiveprefix = {arXiv},
	Author = {Marsh, David J. E.},
	Date-Added = {2018-02-12 20:07:08 +0000},
	Date-Modified = {2018-02-12 20:07:08 +0000},
	Eprint = {1510.07633},
	Primaryclass = {astro-ph.CO},
	Reportnumber = {KCL-PH-TH-2015-50},
	Slaccitation = {%%CITATION = ARXIV:1510.07633;%%},
	Title = {{Axion Cosmology}},
	Year = {2015}}

@article{McAllister:2015zcz,
	Archiveprefix = {arXiv},
	Author = {McAllister, Ben T. and Parker, Stephen R. and Tobar, Michael E.},
	Date-Added = {2018-02-12 20:07:08 +0000},
	Date-Modified = {2018-02-12 20:07:08 +0000},
	Eprint = {1512.05547},
	Primaryclass = {hep-ph},
	Slaccitation = {%%CITATION = ARXIV:1512.05547;%%},
	Title = {{Axion Dark Matter Coupling to Resonant Photons via Magnetic Field}},
	Year = {2015}}

@article{Graham:2011qk,
	Archiveprefix = {arXiv},
	Author = {Graham, Peter W. and Rajendran, Surjeet},
	Date-Added = {2018-02-12 20:07:08 +0000},
	Date-Modified = {2018-02-12 20:07:08 +0000},
	Doi = {10.1103/PhysRevD.84.055013},
	Eprint = {1101.2691},
	Journal = {Phys. Rev.},
	Pages = {055013},
	Primaryclass = {hep-ph},
	Slaccitation = {%%CITATION = ARXIV:1101.2691;%%},
	Title = {{Axion Dark Matter Detection with Cold Molecules}},
	Volume = {D84},
	Year = {2011},
	Bdsk-Url-1 = {http://dx.doi.org/10.1103/PhysRevD.84.055013}}

@misc{Hill:2015vma,
	Archiveprefix = {arXiv},
	Author = {Hill, Christopher T.},
	Date-Added = {2018-02-12 20:07:08 +0000},
	Date-Modified = {2018-02-12 20:07:08 +0000},
	Eprint = {1508.04083},
	Primaryclass = {hep-ph},
	Reportnumber = {FERMILAB-PUB-15-350-T},
	Slaccitation = {%%CITATION = ARXIV:1508.04083;%%},
	Title = {{Axion Induced Oscillating Electric Dipole Moment of the Electron}},
	Year = {2015}}

@article{Hill:2015kva,
	Archiveprefix = {arXiv},
	Author = {Hill, Christopher T.},
	Date-Added = {2018-02-12 20:07:08 +0000},
	Date-Modified = {2018-02-12 20:07:08 +0000},
	Doi = {10.1103/PhysRevD.91.111702},
	Eprint = {1504.01295},
	Journal = {Phys. Rev.},
	Number = {11},
	Pages = {111702},
	Primaryclass = {hep-ph},
	Reportnumber = {FERMILAB-PUB-15-105-T},
	Slaccitation = {%%CITATION = ARXIV:1504.01295;%%},
	Title = {{Axion Induced Oscillating Electric Dipole Moments}},
	Volume = {D91},
	Year = {2015},
	Bdsk-Url-1 = {http://dx.doi.org/10.1103/PhysRevD.91.111702}}

@article{Beck:2014aqa,
	Archiveprefix = {arXiv},
	Author = {Beck, Christian},
	Date-Added = {2018-02-12 20:07:08 +0000},
	Date-Modified = {2018-02-12 20:07:08 +0000},
	Doi = {10.1016/j.dark.2015.03.002},
	Eprint = {1403.5676},
	Journal = {Phys. Dark Univ.},
	Pages = {6-11},
	Primaryclass = {hep-ph},
	Slaccitation = {%%CITATION = ARXIV:1403.5676;%%},
	Title = {{Axion mass estimates from resonant Josephson junctions}},
	Volume = {7-8},
	Year = {2015},
	Bdsk-Url-1 = {http://dx.doi.org/10.1016/j.dark.2015.03.002}}

@article{Stadnik:2013raa,
	Archiveprefix = {arXiv},
	Author = {Stadnik, Y. V. and Flambaum, V. V.},
	Date-Added = {2018-02-12 20:07:08 +0000},
	Date-Modified = {2018-02-12 20:07:08 +0000},
	Doi = {10.1103/PhysRevD.89.043522},
	Eprint = {1312.6667},
	Journal = {Phys. Rev.},
	Number = {4},
	Pages = {043522},
	Primaryclass = {hep-ph},
	Slaccitation = {%%CITATION = ARXIV:1312.6667;%%},
	Title = {{Axion-induced effects in atoms, molecules, and nuclei: Parity nonconservation, anapole moments, electric dipole moments, and spin-gravity and spin-axion momentum couplings}},
	Volume = {D89},
	Year = {2014},
	Bdsk-Url-1 = {http://dx.doi.org/10.1103/PhysRevD.89.043522}}

@article{Banik:2013rxa,
	Archiveprefix = {arXiv},
	Author = {Banik, N. and Sikivie, P.},
	Date-Added = {2018-02-12 20:07:08 +0000},
	Date-Modified = {2018-02-12 20:07:08 +0000},
	Doi = {10.1103/PhysRevD.88.123517},
	Eprint = {1307.3547},
	Journal = {Phys. Rev.},
	Pages = {123517},
	Primaryclass = {astro-ph.GA},
	Slaccitation = {%%CITATION = ARXIV:1307.3547;%%},
	Title = {{Axions and the Galactic Angular Momentum Distribution}},
	Volume = {D88},
	Year = {2013},
	Bdsk-Url-1 = {http://dx.doi.org/10.1103/PhysRevD.88.123517}}

@article{Davidson:2014hfa,
	Archiveprefix = {arXiv},
	Author = {Davidson, Sacha},
	Date-Added = {2018-02-12 20:07:08 +0000},
	Date-Modified = {2018-02-12 20:07:08 +0000},
	Doi = {10.1016/j.astropartphys.2014.12.007},
	Eprint = {1405.1139},
	Journal = {Astropart. Phys.},
	Pages = {101-107},
	Primaryclass = {hep-ph},
	Slaccitation = {%%CITATION = ARXIV:1405.1139;%%},
	Title = {{Axions: Bose Einstein Condensate or Classical Field?}},
	Volume = {65},
	Year = {2015},
	Bdsk-Url-1 = {http://dx.doi.org/10.1016/j.astropartphys.2014.12.007}}

@article{Svrcek:2006yi,
	Archiveprefix = {arXiv},
	Author = {Svrcek, Peter and Witten, Edward},
	Date-Added = {2018-02-12 20:07:08 +0000},
	Date-Modified = {2018-02-12 20:07:08 +0000},
	Doi = {10.1088/1126-6708/2006/06/051},
	Eprint = {hep-th/0605206},
	Journal = {JHEP},
	Pages = {051},
	Primaryclass = {hep-th},
	Reportnumber = {SLAC-PUB-11894},
	Slaccitation = {%%CITATION = HEP-TH/0605206;%%},
	Title = {{Axions In String Theory}},
	Volume = {06},
	Year = {2006},
	Bdsk-Url-1 = {http://dx.doi.org/10.1088/1126-6708/2006/06/051}}

@article{Davidson:2013aba,
	Archiveprefix = {arXiv},
	Author = {Davidson, Sacha and Elmer, Martin},
	Date-Added = {2018-02-12 20:07:08 +0000},
	Date-Modified = {2018-02-12 20:07:08 +0000},
	Doi = {10.1088/1475-7516/2013/12/034},
	Eprint = {1307.8024},
	Journal = {JCAP},
	Pages = {034},
	Primaryclass = {hep-ph},
	Slaccitation = {%%CITATION = ARXIV:1307.8024;%%},
	Title = {{Bose Einstein condensation of the classical axion field in cosmology?}},
	Volume = {1312},
	Year = {2013},
	Bdsk-Url-1 = {http://dx.doi.org/10.1088/1475-7516/2013/12/034}}

@article{Sikivie:2009qn,
	Archiveprefix = {arXiv},
	Author = {Sikivie, P. and Yang, Q.},
	Date-Added = {2018-02-12 20:07:08 +0000},
	Date-Modified = {2018-02-12 20:07:08 +0000},
	Doi = {10.1103/PhysRevLett.103.111301},
	Eprint = {0901.1106},
	Journal = {Phys. Rev. Lett.},
	Pages = {111301},
	Primaryclass = {hep-ph},
	Reportnumber = {UFIFT-HEP-09-1},
	Slaccitation = {%%CITATION = ARXIV:0901.1106;%%},
	Title = {{Bose-Einstein Condensation of Dark Matter Axions}},
	Volume = {103},
	Year = {2009},
	Bdsk-Url-1 = {http://dx.doi.org/10.1103/PhysRevLett.103.111301}}

@article{myers2007calculated,
	Author = {Myers, Whittier and Slichter, Daniel and Hatridge, Michael and Busch, Sarah and M{\"o}{\ss}le, Michael and McDermott, Robert and Trabesinger, Andreas and Clarke, John},
	Date-Added = {2018-02-12 20:07:08 +0000},
	Date-Modified = {2018-02-12 20:07:08 +0000},
	Journal = {Journal of Magnetic Resonance},
	Number = {2},
	Pages = {182--192},
	Publisher = {Elsevier},
	Title = {Calculated signal-to-noise ratio of {MRI} detected with {SQUID}s and Faraday detectors in fields from 10$\mu${T} to 1.5 {T}},
	Volume = {186},
	Year = {2007}}

@article{lee2008calculation,
	Author = {Lee, S-K and Romalis, MV},
	Date-Added = {2018-02-12 20:07:08 +0000},
	Date-Modified = {2018-02-12 20:07:08 +0000},
	Journal = {Journal of Applied Physics},
	Number = {8},
	Pages = {084904},
	Publisher = {AIP Publishing},
	Title = {Calculation of magnetic field noise from high-permeability magnetic shields and conducting objects with simple geometry},
	Volume = {103},
	Year = {2008}}

@article{Hong:2014vua,
	Archiveprefix = {arXiv},
	Author = {Hong, Jooyoo and Kim, Jihn E. and Nam, Soonkeon and Semertzidis, Yannis},
	Date-Added = {2018-02-12 20:07:08 +0000},
	Date-Modified = {2018-02-12 20:07:08 +0000},
	Eprint = {1403.1576},
	Primaryclass = {hep-ph},
	Slaccitation = {%%CITATION = ARXIV:1403.1576;%%},
	Title = {{Calculations of resonance enhancement factor in axion-search tube-experiments}},
	Year = {2014}}

@article{Shifman:1979if,
	Author = {Shifman, Mikhail A. and Vainshtein, A. I. and Zakharov, Valentin I.},
	Date-Added = {2018-02-12 20:07:08 +0000},
	Date-Modified = {2018-02-12 20:07:08 +0000},
	Doi = {10.1016/0550-3213(80)90209-6},
	Journal = {Nucl. Phys.},
	Pages = {493},
	Reportnumber = {ITEP-64-1979},
	Slaccitation = {%%CITATION = NUPHA,B166,493;%%},
	Title = {{Can Confinement Ensure Natural CP Invariance of Strong Interactions?}},
	Volume = {B166},
	Year = {1980},
	Bdsk-Url-1 = {http://dx.doi.org/10.1016/0550-3213(80)90209-6}}

@article{Schlederer:2015jwa,
	Archiveprefix = {arXiv},
	Author = {Schlederer, Martin and Sigl, G{\"u}nter},
	Date-Added = {2018-02-12 20:07:08 +0000},
	Date-Modified = {2018-02-12 20:07:08 +0000},
	Eprint = {1507.02855},
	Primaryclass = {hep-ph},
	Slaccitation = {%%CITATION = ARXIV:1507.02855;%%},
	Title = {{Constraining ALP-photon coupling using galaxy clusters}},
	Year = {2015}}

@article{Blum:2014vsa,
	Archiveprefix = {arXiv},
	Author = {Blum, Kfir and D'Agnolo, Raffaele Tito and Lisanti, Mariangela and Safdi, Benjamin R.},
	Date-Added = {2018-02-12 20:07:08 +0000},
	Date-Modified = {2018-02-12 20:07:08 +0000},
	Doi = {10.1016/j.physletb.2014.07.059},
	Eprint = {1401.6460},
	Journal = {Phys. Lett.},
	Pages = {30-33},
	Primaryclass = {hep-ph},
	Slaccitation = {%%CITATION = ARXIV:1401.6460;%%},
	Title = {{Constraining Axion Dark Matter with Big Bang Nucleosynthesis}},
	Volume = {B737},
	Year = {2014},
	Bdsk-Url-1 = {http://dx.doi.org/10.1016/j.physletb.2014.07.059}}

@article{Peccei:1977ur,
	Author = {Peccei, R. D. and Quinn, Helen R.},
	Date-Added = {2018-02-12 20:07:08 +0000},
	Date-Modified = {2018-02-12 20:07:08 +0000},
	Doi = {10.1103/PhysRevD.16.1791},
	Journal = {Phys. Rev.},
	Pages = {1791-1797},
	Reportnumber = {ITP-572-STANFORD},
	Slaccitation = {%%CITATION = PHRVA,D16,1791;%%},
	Title = {{Constraints Imposed by CP Conservation in the Presence of Instantons}},
	Volume = {D16},
	Year = {1977},
	Bdsk-Url-1 = {http://dx.doi.org/10.1103/PhysRevD.16.1791}}

@article{Beloborodov:2006qh,
	Archiveprefix = {arXiv},
	Author = {Beloborodov, Andrei M. and Thompson, Christopher},
	Date-Added = {2018-02-12 20:07:08 +0000},
	Date-Modified = {2018-02-12 20:07:08 +0000},
	Doi = {10.1086/508917},
	Eprint = {astro-ph/0602417},
	Journal = {Astrophys. J.},
	Pages = {967-993},
	Primaryclass = {astro-ph},
	Slaccitation = {%%CITATION = ASTRO-PH/0602417;%%},
	Title = {{Corona of magnetars}},
	Volume = {657},
	Year = {2007},
	Bdsk-Url-1 = {http://dx.doi.org/10.1086/508917}}

@article{Erken:2011dz,
	Archiveprefix = {arXiv},
	Author = {Erken, O. and Sikivie, P. and Tam, H. and Yang, Q.},
	Date-Added = {2018-02-12 20:07:08 +0000},
	Date-Modified = {2018-02-12 20:07:08 +0000},
	Doi = {10.1103/PhysRevD.85.063520},
	Eprint = {1111.1157},
	Journal = {Phys. Rev.},
	Pages = {063520},
	Primaryclass = {astro-ph.CO},
	Slaccitation = {%%CITATION = ARXIV:1111.1157;%%},
	Title = {{Cosmic axion thermalization}},
	Volume = {D85},
	Year = {2012},
	Bdsk-Url-1 = {http://dx.doi.org/10.1103/PhysRevD.85.063520}}

@article{Preskill:1982cy,
	Author = {Preskill, John and Wise, Mark B. and Wilczek, Frank},
	Date-Added = {2018-02-12 20:07:08 +0000},
	Date-Modified = {2018-02-12 20:07:08 +0000},
	Doi = {10.1016/0370-2693(83)90637-8},
	Journal = {Phys. Lett.},
	Pages = {127-132},
	Reportnumber = {HUTP-82-A048, NSF-ITP-82-103},
	Slaccitation = {%%CITATION = PHLTA,B120,127;%%},
	Title = {{Cosmology of the Invisible Axion}},
	Volume = {B120},
	Year = {1983},
	Bdsk-Url-1 = {http://dx.doi.org/10.1016/0370-2693(83)90637-8}}

@article{Peccei:1977hh,
	Author = {Peccei, R. D. and Quinn, Helen R.},
	Date-Added = {2018-02-12 20:07:08 +0000},
	Date-Modified = {2018-02-12 20:07:08 +0000},
	Doi = {10.1103/PhysRevLett.38.1440},
	Journal = {Phys. Rev. Lett.},
	Pages = {1440-1443},
	Reportnumber = {ITP-568-STANFORD},
	Slaccitation = {%%CITATION = PRLTA,38,1440;%%},
	Title = {{CP Conservation in the Presence of Instantons}},
	Volume = {38},
	Year = {1977},
	Bdsk-Url-1 = {http://dx.doi.org/10.1103/PhysRevLett.38.1440}}

@article{PhysRevLett.38.1440,
	Author = {Peccei, R. D. and Quinn, Helen R.},
	Date-Added = {2018-02-12 20:07:08 +0000},
	Date-Modified = {2018-02-12 20:07:08 +0000},
	Doi = {10.1103/PhysRevLett.38.1440},
	Issue = {25},
	Journal = {Phys. Rev. Lett.},
	Month = {Jun},
	Pages = {1440--1443},
	Publisher = {American Physical Society},
	Title = {$\mathrm{CP}$ Conservation in the Presence of Pseudoparticles},
	Volume = {38},
	Year = {1977},
	Bdsk-Url-1 = {http://link.aps.org/doi/10.1103/PhysRevLett.38.1440},
	Bdsk-Url-2 = {http://dx.doi.org/10.1103/PhysRevLett.38.1440}}

@article{grohmann1974current,
	Author = {Grohmann, K and Hahlbohm, HD and L{\"u}bbig, H and Ramin, H},
	Date-Added = {2018-02-12 20:07:08 +0000},
	Date-Modified = {2018-02-12 20:07:08 +0000},
	Journal = {Cryogenics},
	Number = {9},
	Pages = {499--502},
	Publisher = {Elsevier},
	Title = {Current comparators with superconducting shields},
	Volume = {14},
	Year = {1974}}

@article{Berezhiani:2015pia,
	Archiveprefix = {arXiv},
	Author = {Berezhiani, Lasha and Khoury, Justin},
	Date-Added = {2018-02-12 20:07:08 +0000},
	Date-Modified = {2018-02-12 20:07:08 +0000},
	Eprint = {1506.07877},
	Primaryclass = {astro-ph.CO},
	Slaccitation = {%%CITATION = ARXIV:1506.07877;%%},
	Title = {{Dark Matter Superfluidity and Galactic Dynamics}},
	Year = {2015}}

@misc{ThomasTalk,
	Author = {Thomas, Scott and Cabrera, Blas},
	Date-Added = {2018-02-12 20:07:08 +0000},
	Date-Modified = {2018-02-12 20:07:08 +0000},
	Howpublished = {Conference talk at Axions 2010.},
	Title = {Detecting String-Scale {QCD} Axion Dark Matter}}

@article{Guth:2014hsa,
	Archiveprefix = {arXiv},
	Author = {Guth, Alan H. and Hertzberg, Mark P. and Prescod-Weinstein, C.},
	Date-Added = {2018-02-12 20:07:08 +0000},
	Date-Modified = {2018-02-12 20:07:08 +0000},
	Doi = {10.1103/PhysRevD.92.103513},
	Eprint = {1412.5930},
	Journal = {Phys. Rev.},
	Number = {10},
	Pages = {103513},
	Primaryclass = {astro-ph.CO},
	Reportnumber = {MIT-CTP-4625},
	Slaccitation = {%%CITATION = ARXIV:1412.5930;%%},
	Title = {{Do Dark Matter Axions Form a Condensate with Long-Range Correlation?}},
	Volume = {D92},
	Year = {2015},
	Bdsk-Url-1 = {http://dx.doi.org/10.1103/PhysRevD.92.103513}}

@article{Noumi:2013zga,
	Archiveprefix = {arXiv},
	Author = {Noumi, Toshifumi and Saikawa, Ken'ichi and Sato, Ryosuke and Yamaguchi, Masahide},
	Date-Added = {2018-02-12 20:07:08 +0000},
	Date-Modified = {2018-02-12 20:07:08 +0000},
	Doi = {10.1103/PhysRevD.89.065012},
	Eprint = {1310.0167},
	Journal = {Phys. Rev.},
	Number = {6},
	Pages = {065012},
	Primaryclass = {hep-ph},
	Reportnumber = {RIKEN-MP-76, KEK-TH-1663},
	Slaccitation = {%%CITATION = ARXIV:1310.0167;%%},
	Title = {{Effective gravitational interactions of dark matter axions}},
	Volume = {D89},
	Year = {2014},
	Bdsk-Url-1 = {http://dx.doi.org/10.1103/PhysRevD.89.065012}}

@article{Graham:2015ouw,
	Archiveprefix = {arXiv},
	Author = {Graham, Peter W. and others},
	Date-Added = {2018-02-12 20:07:08 +0000},
	Date-Modified = {2018-02-12 20:07:08 +0000},
	Doi = {10.1146/annurev-nucl-102014-022120},
	Eprint = {1602.00039},
	Journal = {Ann. Rev. Nucl. Part. Sci.},
	Pages = {485-514},
	Primaryclass = {hep-ex},
	Slaccitation = {%%CITATION = ARXIV:1602.00039;%%},
	Title = {{Experimental Searches for the Axion and Axion-Like Particles}},
	Volume = {65},
	Year = {2015},
	Bdsk-Url-1 = {http://dx.doi.org/10.1146/annurev-nucl-102014-022120}}

@article{Sikivie:1983ip,
	Author = {Sikivie, P.},
	Booktitle = {{11th International Symposium on Lepton and Photon Interactions at High Energies Ithaca, New York, August 4-9, 1983}},
	Date-Added = {2018-02-12 20:07:08 +0000},
	Date-Modified = {2018-02-12 20:07:08 +0000},
	Doi = {10.1103/PhysRevLett.51.1415},
	Journal = {Phys. Rev. Lett.},
	Note = {[Erratum: Phys. Rev. Lett.52,695(1984)]},
	Pages = {1415-1417},
	Reportnumber = {PRINT-83-0597 (FLORIDA), UF-TP-83-13, C83-08-04},
	Slaccitation = {%%CITATION = PRLTA,51,1415;%%},
	Title = {{Experimental Tests of the Invisible Axion}},
	Volume = {51},
	Year = {1983},
	Bdsk-Url-1 = {http://dx.doi.org/10.1103/PhysRevLett.51.1415}}

@article{Shokair:2014rna,
	Archiveprefix = {arXiv},
	Author = {Shokair, T. M. and others},
	Date-Added = {2018-02-12 20:07:08 +0000},
	Date-Modified = {2018-02-12 20:07:08 +0000},
	Doi = {10.1142/S0217751X14430040},
	Eprint = {1405.3685},
	Journal = {Int. J. Mod. Phys.},
	Pages = {1443004},
	Primaryclass = {physics.ins-det},
	Slaccitation = {%%CITATION = ARXIV:1405.3685;%%},
	Title = {{Future Directions in the Microwave Cavity Search for Dark Matter Axions}},
	Volume = {A29},
	Year = {2014},
	Bdsk-Url-1 = {http://dx.doi.org/10.1142/S0217751X14430040}}

@article{deVega:2014wya,
	Archiveprefix = {arXiv},
	Author = {de Vega, H. J. and Sanchez, N. G.},
	Date-Added = {2018-02-12 20:07:08 +0000},
	Date-Modified = {2018-02-12 20:07:08 +0000},
	Eprint = {1401.1214},
	Primaryclass = {astro-ph.CO},
	Slaccitation = {%%CITATION = ARXIV:1401.1214;%%},
	Title = {{Galaxy phase-space density data exclude Bose-Einstein condensate Axion Dark Matter}},
	Year = {2014}}

@article{seton1999gradiometer,
	Author = {Seton, HC and Hutchison, JMS and Bussell, DM},
	Date-Added = {2018-02-12 20:07:08 +0000},
	Date-Modified = {2018-02-12 20:07:08 +0000},
	Journal = {Magnetic Resonance Materials in Physics, Biology and Medicine},
	Number = {2},
	Pages = {116--120},
	Publisher = {Springer},
	Title = {{Gradiometer pick-up coil design for a low field SQUID-MRI system}},
	Volume = {8},
	Year = {1999}}

@book{lorimer2005handbook,
	Author = {Lorimer, D.R.},
	Date-Added = {2018-02-12 20:07:08 +0000},
	Date-Modified = {2018-02-12 20:07:08 +0000},
	Isbn = {9780521828239},
	Lccn = {2004057044},
	Publisher = {Cambridge University Press},
	Series = {Cambridge Observing Handbooks for Research Astronomers},
	Title = {Handbook of Pulsar Astronomy},
	Url = {https://books.google.com/books?id=OZ8tdN6qJcsC},
	Year = {2005},
	Bdsk-Url-1 = {https://books.google.com/books?id=OZ8tdN6qJcsC}}

@inproceedings{Vogel:2013bta,
	Archiveprefix = {arXiv},
	Author = {Vogel, J. K. and others},
	Date-Added = {2018-02-12 20:07:08 +0000},
	Date-Modified = {2018-02-12 20:07:08 +0000},
	Eprint = {1302.3273},
	Primaryclass = {physics.ins-det},
	Reportnumber = {FERMILAB-PUB-13-699-A},
	Slaccitation = {%%CITATION = ARXIV:1302.3273;%%},
	Title = {{IAXO - The International Axion Observatory}},
	Url = {http://inspirehep.net/record/1219323/files/arXiv:1302.3273.pdf},
	Year = {2013},
	Bdsk-Url-1 = {http://inspirehep.net/record/1219323/files/arXiv:1302.3273.pdf}}

@article{Asztalos:2001tf,
	Author = {Asztalos, Stephen J. and others},
	Collaboration = {ADMX},
	Date-Added = {2018-02-12 20:07:08 +0000},
	Date-Modified = {2018-02-12 20:07:08 +0000},
	Doi = {10.1103/PhysRevD.64.092003},
	Journal = {Phys. Rev.},
	Pages = {092003},
	Slaccitation = {%%CITATION = PHRVA,D64,092003;%%},
	Title = {{Large scale microwave cavity search for dark matter axions}},
	Volume = {D64},
	Year = {2001},
	Bdsk-Url-1 = {http://dx.doi.org/10.1103/PhysRevD.64.092003}}

@article{Roberts:2014dda,
	Archiveprefix = {arXiv},
	Author = {Roberts, B. M. and Stadnik, Y. V. and Dzuba, V. A. and Flambaum, V. V. and Leefer, N. and Budker, D.},
	Date-Added = {2018-02-12 20:07:08 +0000},
	Date-Modified = {2018-02-12 20:07:08 +0000},
	Doi = {10.1103/PhysRevLett.113.081601},
	Eprint = {1404.2723},
	Journal = {Phys. Rev. Lett.},
	Pages = {081601},
	Primaryclass = {hep-ph},
	Slaccitation = {%%CITATION = ARXIV:1404.2723;%%},
	Title = {{Limiting P-odd interactions of cosmic fields with electrons, protons and neutrons}},
	Volume = {113},
	Year = {2014},
	Bdsk-Url-1 = {http://dx.doi.org/10.1103/PhysRevLett.113.081601}}

@article{drung1990low,
	Author = {Drung, D and Cantor, R and Peters, M and Scheer, HJ and Koch, H},
	Date-Added = {2018-02-12 20:07:08 +0000},
	Date-Modified = {2018-02-12 20:07:08 +0000},
	Journal = {Applied Physics Letters},
	Number = {4},
	Pages = {406--408},
	Publisher = {AIP Publishing},
	Title = {Low-noise high-speed dc superconducting quantum interference device magnetometer with simplified feedback electronics},
	Volume = {57},
	Year = {1990}}

@article{Turolla:2015mwa,
	Archiveprefix = {arXiv},
	Author = {Turolla, Roberto and Zane, Silvia and Watts, Anna},
	Date-Added = {2018-02-12 20:07:08 +0000},
	Date-Modified = {2018-02-12 20:07:08 +0000},
	Eprint = {1507.02924},
	Primaryclass = {astro-ph.HE},
	Slaccitation = {%%CITATION = ARXIV:1507.02924;%%},
	Title = {{Magnetars: the physics behind observations}},
	Year = {2015}}

@article{anton2013magnetic,
	Author = {Anton, SM and Birenbaum, JS and O'Kelley, SR and Bolkhovsky, V and Braje, DA and Fitch, G and Neeley, M and Hilton, GC and Cho, H-M and Irwin, KD and others},
	Date-Added = {2018-02-12 20:07:08 +0000},
	Date-Modified = {2018-02-12 20:07:08 +0000},
	Journal = {Physical Review Letters},
	Number = {14},
	Pages = {147002},
	Publisher = {APS},
	Title = {Magnetic flux noise in {DC} {SQUID}s: Temperature and geometry dependence},
	Volume = {110},
	Year = {2013}}

@article{mcdermott2004microtesla,
	Author = {McDermott, Robert and Lee, SeungKyun and Ten Haken, Bennie and Trabesinger, Andreas H and Pines, Alexander and Clarke, John},
	Date-Added = {2018-02-12 20:07:08 +0000},
	Date-Modified = {2018-02-12 20:07:08 +0000},
	Journal = {Proceedings of the National Academy of Sciences of the United States of America},
	Number = {21},
	Pages = {7857--7861},
	Publisher = {National Acad Sciences},
	Title = {Microtesla {MRI} with a superconducting quantum interference device},
	Volume = {101},
	Year = {2004}}

@article{Graham:2013gfa,
	Archiveprefix = {arXiv},
	Author = {Graham, Peter W. and Rajendran, Surjeet},
	Date-Added = {2018-02-12 20:07:08 +0000},
	Date-Modified = {2018-02-12 20:07:08 +0000},
	Doi = {10.1103/PhysRevD.88.035023},
	Eprint = {1306.6088},
	Journal = {Phys. Rev.},
	Pages = {035023},
	Primaryclass = {hep-ph},
	Slaccitation = {%%CITATION = ARXIV:1306.6088;%%},
	Title = {{New Observables for Direct Detection of Axion Dark Matter}},
	Volume = {D88},
	Year = {2013},
	Bdsk-Url-1 = {http://dx.doi.org/10.1103/PhysRevD.88.035023}}

@article{Zhitnitsky:1980tq,
	Author = {Zhitnitsky, A. R.},
	Date-Added = {2018-02-12 20:07:08 +0000},
	Date-Modified = {2018-02-12 20:07:08 +0000},
	Journal = {Sov. J. Nucl. Phys.},
	Note = {[Yad. Fiz.31,497(1980)]},
	Pages = {260},
	Slaccitation = {%%CITATION = SJNCA,31,260;%%},
	Title = {{On Possible Suppression of the Axion Hadron Interactions. (In Russian)}},
	Volume = {31},
	Year = {1980}}

@article{Clarke:1979aa,
	Author = {Clarke, John and Tesche, Claudia D. and Giffard, R.P.},
	Date-Added = {2018-02-12 20:07:08 +0000},
	Date-Modified = {2018-02-12 20:07:08 +0000},
	Journal = {Journal of Low Temperature Physics},
	Pages = {405-420},
	Title = {Optimization of DC SQUID voltmeter and magnetometer circuits},
	Volume = {37},
	Year = {1979},
	Bdsk-Url-1 = {http://dx.doi.org/10.1007/BF00119198}}

@article{Arza:2015yma,
	Archiveprefix = {arXiv},
	Author = {Arza, Ariel and Arias, Paola and Gamboa, Jorge},
	Date-Added = {2018-02-12 20:07:08 +0000},
	Date-Modified = {2018-02-12 20:07:08 +0000},
	Eprint = {1506.02698},
	Primaryclass = {hep-ph},
	Slaccitation = {%%CITATION = ARXIV:1506.02698;%%},
	Title = {{Parametric Resonance and Dark Matter Axion-Like Particles}},
	Year = {2015}}

@article{Roberts:2014cga,
	Archiveprefix = {arXiv},
	Author = {Roberts, B. M. and Stadnik, Y. V. and Dzuba, V. A. and Flambaum, V. V. and Leefer, N. and Budker, D.},
	Date-Added = {2018-02-12 20:07:08 +0000},
	Date-Modified = {2018-02-12 20:07:08 +0000},
	Doi = {10.1103/PhysRevD.90.096005},
	Eprint = {1409.2564},
	Journal = {Phys. Rev.},
	Number = {9},
	Pages = {096005},
	Primaryclass = {hep-ph},
	Slaccitation = {%%CITATION = ARXIV:1409.2564;%%},
	Title = {{Parity-violating interactions of cosmic fields with atoms, molecules, and nuclei: Concepts and calculations for laboratory searches and extracting limits}},
	Volume = {D90},
	Year = {2014},
	Bdsk-Url-1 = {http://dx.doi.org/10.1103/PhysRevD.90.096005}}

@article{Adler:1971wn,
	Author = {Adler, Stephen L.},
	Date-Added = {2018-02-12 20:07:08 +0000},
	Date-Modified = {2018-02-12 20:07:08 +0000},
	Doi = {10.1016/0003-4916(71)90154-0},
	Journal = {Annals Phys.},
	Pages = {599-647},
	Slaccitation = {%%CITATION = APNYA,67,599;%%},
	Title = {{Photon splitting and photon dispersion in a strong magnetic field}},
	Volume = {67},
	Year = {1971},
	Bdsk-Url-1 = {http://dx.doi.org/10.1016/0003-4916(71)90154-0}}

@article{Beck:2013jha,
	Archiveprefix = {arXiv},
	Author = {Beck, Christian},
	Date-Added = {2018-02-12 20:07:08 +0000},
	Date-Modified = {2018-02-12 20:07:08 +0000},
	Doi = {10.1103/PhysRevLett.111.231801},
	Eprint = {1309.3790},
	Journal = {Phys. Rev. Lett.},
	Pages = {231801},
	Primaryclass = {hep-ph},
	Slaccitation = {%%CITATION = ARXIV:1309.3790;%%},
	Title = {{Possible resonance effect of axionic dark matter in Josephson junctions}},
	Volume = {111},
	Year = {2013},
	Bdsk-Url-1 = {http://dx.doi.org/10.1103/PhysRevLett.111.231801}}

@article{Wilczek:1977pj,
	Author = {Wilczek, Frank},
	Date-Added = {2018-02-12 20:07:08 +0000},
	Date-Modified = {2018-02-12 20:07:08 +0000},
	Doi = {10.1103/PhysRevLett.40.279},
	Journal = {Phys.Rev.Lett.},
	Pages = {279-282},
	Reportnumber = {Print-77-0939 (COLUMBIA)},
	Slaccitation = {%%CITATION = PRLTA,40,279;%%},
	Title = {{Problem of Strong P and T Invariance in the Presence of Instantons}},
	Volume = {40},
	Year = {1978},
	Bdsk-Url-1 = {http://dx.doi.org/10.1103/PhysRevLett.40.279}}

@article{delahaye1985progress,
	Author = {Delahaye, Francois and Reymann, Dominique},
	Date-Added = {2018-02-12 20:07:08 +0000},
	Date-Modified = {2018-02-12 20:07:08 +0000},
	Journal = {Instrumentation and Measurement, IEEE Transactions on},
	Number = {2},
	Pages = {316--319},
	Publisher = {IEEE},
	Title = {Progress in resistance ratio measurements using a cryogenic current comparator at LCIE},
	Volume = {1001},
	Year = {1985}}

@article{Budker:2013hfa,
	Archiveprefix = {arXiv},
	Author = {Budker, Dmitry and Graham, Peter W. and Ledbetter, Micah and Rajendran, Surjeet and Sushkov, Alex},
	Date-Added = {2018-02-12 20:07:08 +0000},
	Date-Modified = {2018-02-12 20:07:08 +0000},
	Doi = {10.1103/PhysRevX.4.021030},
	Eprint = {1306.6089},
	Journal = {Phys. Rev.},
	Number = {2},
	Pages = {021030},
	Primaryclass = {hep-ph},
	Slaccitation = {%%CITATION = ARXIV:1306.6089;%%},
	Title = {{Proposal for a Cosmic Axion Spin Precession Experiment (CASPEr)}},
	Volume = {X4},
	Year = {2014},
	Bdsk-Url-1 = {http://dx.doi.org/10.1103/PhysRevX.4.021030}}

@article{Sikivie:2013laa,
	Archiveprefix = {arXiv},
	Author = {Sikivie, P. and Sullivan, N. and Tanner, D. B.},
	Date-Added = {2018-02-12 20:07:08 +0000},
	Date-Modified = {2018-02-12 20:07:08 +0000},
	Doi = {10.1103/PhysRevLett.112.131301},
	Eprint = {1310.8545},
	Journal = {Phys. Rev. Lett.},
	Number = {13},
	Pages = {131301},
	Primaryclass = {hep-ph},
	Slaccitation = {%%CITATION = ARXIV:1310.8545;%%},
	Title = {{Proposal for Axion Dark Matter Detection Using an LC Circuit}},
	Volume = {112},
	Year = {2014},
	Bdsk-Url-1 = {http://dx.doi.org/10.1103/PhysRevLett.112.131301}}

@article{Baker:2011na,
	Archiveprefix = {arXiv},
	Author = {Baker, Oliver K. and Betz, Michael and Caspers, Fritz and Jaeckel, Joerg and Lindner, Axel and Ringwald, Andreas and Semertzidis, Yannis and Sikivie, Pierre and Zioutas, Konstantin},
	Date-Added = {2018-02-12 20:07:08 +0000},
	Date-Modified = {2018-02-12 20:07:08 +0000},
	Doi = {10.1103/PhysRevD.85.035018},
	Eprint = {1110.2180},
	Journal = {Phys. Rev.},
	Pages = {035018},
	Primaryclass = {physics.ins-det},
	Reportnumber = {DCPT-11-110, DESY-11-163, IPPP-11-55},
	Slaccitation = {%%CITATION = ARXIV:1110.2180;%%},
	Title = {{Prospects for Searching Axion-like Particle Dark Matter with Dipole, Toroidal and Wiggler Magnets}},
	Volume = {D85},
	Year = {2012},
	Bdsk-Url-1 = {http://dx.doi.org/10.1103/PhysRevD.85.035018}}

@article{Chaudhuri:2014dla,
	Archiveprefix = {arXiv},
	Author = {Chaudhuri, Saptarshi and Graham, Peter W. and Irwin, Kent and Mardon, Jeremy and Rajendran, Surjeet and Zhao, Yue},
	Date-Added = {2018-02-12 20:07:08 +0000},
	Date-Modified = {2018-02-12 20:07:08 +0000},
	Doi = {10.1103/PhysRevD.92.075012},
	Eprint = {1411.7382},
	Journal = {Phys. Rev.},
	Number = {7},
	Pages = {075012},
	Primaryclass = {hep-ph},
	Slaccitation = {%%CITATION = ARXIV:1411.7382;%%},
	Title = {{Radio for hidden-photon dark matter detection}},
	Volume = {D92},
	Year = {2015},
	Bdsk-Url-1 = {http://dx.doi.org/10.1103/PhysRevD.92.075012}}

@article{Beringer:1900zz,
	Author = {Beringer, J. and others},
	Collaboration = {Particle Data Group},
	Date-Added = {2018-02-12 20:07:08 +0000},
	Date-Modified = {2018-02-12 20:07:08 +0000},
	Doi = {10.1103/PhysRevD.86.010001},
	Journal = {Phys.Rev.},
	Pages = {010001},
	Slaccitation = {%%CITATION = PHRVA,D86,010001;%%},
	Title = {{Review of Particle Physics (RPP)}},
	Volume = {D86},
	Year = {2012},
	Bdsk-Url-1 = {http://dx.doi.org/10.1103/PhysRevD.86.010001}}

@article{Stadnik:2014tta,
	Archiveprefix = {arXiv},
	Author = {Stadnik, Y. V. and Flambaum, V. V.},
	Date-Added = {2018-02-12 20:07:08 +0000},
	Date-Modified = {2018-02-12 20:07:08 +0000},
	Doi = {10.1103/PhysRevLett.114.161301},
	Eprint = {1412.7801},
	Journal = {Phys. Rev. Lett.},
	Pages = {161301},
	Primaryclass = {hep-ph},
	Slaccitation = {%%CITATION = ARXIV:1412.7801;%%},
	Title = {{Searching for dark matter and variation of fundamental constants with laser and maser interferometry}},
	Volume = {114},
	Year = {2015},
	Bdsk-Url-1 = {http://dx.doi.org/10.1103/PhysRevLett.114.161301}}

@article{Horns:2012jf,
	Archiveprefix = {arXiv},
	Author = {Horns, Dieter and Jaeckel, Joerg and Lindner, Axel and Lobanov, Andrei and Redondo, Javier and Ringwald, Andreas},
	Date-Added = {2018-02-12 20:07:08 +0000},
	Date-Modified = {2018-02-12 20:07:08 +0000},
	Doi = {10.1088/1475-7516/2013/04/016},
	Eprint = {1212.2970},
	Journal = {JCAP},
	Pages = {016},
	Primaryclass = {hep-ph},
	Reportnumber = {DESY-12-227, MPP-2012-158},
	Slaccitation = {%%CITATION = ARXIV:1212.2970;%%},
	Title = {{Searching for WISPy Cold Dark Matter with a Dish Antenna}},
	Volume = {1304},
	Year = {2013},
	Bdsk-Url-1 = {http://dx.doi.org/10.1088/1475-7516/2013/04/016}}

@article{zimmerman1971sensitivity,
	Author = {Zimmerman, JE},
	Date-Added = {2018-02-12 20:07:08 +0000},
	Date-Modified = {2018-02-12 20:07:08 +0000},
	Journal = {Journal of Applied Physics},
	Number = {11},
	Pages = {4483--4487},
	Publisher = {AIP Publishing},
	Title = {Sensitivity Enhancement of Superconducting Quantum Interference Devices through the Use of Fractional-Turn Loops},
	Volume = {42},
	Year = {1971}}

@article{matlachov2004squid,
	Author = {Matlachov, Andrei N and Volegov, Petr L and Espy, Michelle A and George, John S and Kraus, Robert H},
	Date-Added = {2018-02-12 20:07:08 +0000},
	Date-Modified = {2018-02-12 20:07:08 +0000},
	Journal = {Journal of Magnetic Resonance},
	Number = {1},
	Pages = {1--7},
	Publisher = {Elsevier},
	Title = {{SQUID} detected {NMR} in microtesla magnetic fields},
	Volume = {170},
	Year = {2004}}

@article{PhysRevLett.104.041301,
	Author = {Asztalos, S. J. and Carosi, G. and Hagmann, C. and Kinion, D. and van Bibber, K. and Hotz, M. and Rosenberg, L. J and Rybka, G. and Hoskins, J. and Hwang, J. and Sikivie, P. and Tanner, D. B. and Bradley, R. and Clarke, J.},
	Date-Added = {2018-02-12 20:07:08 +0000},
	Date-Modified = {2018-02-12 20:07:08 +0000},
	Doi = {10.1103/PhysRevLett.104.041301},
	Issue = {4},
	Journal = {Phys. Rev. Lett.},
	Month = {Jan},
	Numpages = {4},
	Pages = {041301},
	Publisher = {American Physical Society},
	Title = {{SQUID-Based Microwave Cavity Search for Dark-Matter Axions}},
	Url = {http://link.aps.org/doi/10.1103/PhysRevLett.104.041301},
	Volume = {104},
	Year = {2010},
	Bdsk-Url-1 = {http://link.aps.org/doi/10.1103/PhysRevLett.104.041301},
	Bdsk-Url-2 = {http://dx.doi.org/10.1103/PhysRevLett.104.041301}}

@article{muck2003superconducting,
	Author = {M{\"u}ck, Michael and Welzel, Christian and Clarke, John},
	Date-Added = {2018-02-12 20:07:08 +0000},
	Date-Modified = {2018-02-12 20:07:08 +0000},
	Journal = {Applied Physics Letters},
	Number = {19},
	Pages = {3266--3268},
	Publisher = {AIP Publishing},
	Title = {Superconducting quantum interference device amplifiers at gigahertz frequencies},
	Volume = {82},
	Year = {2003}}

@book{shoenberg1954superconductivity,
	Author = {Shoenberg, D},
	Date-Added = {2018-02-12 20:07:08 +0000},
	Date-Modified = {2018-02-12 20:07:08 +0000},
	Journal = {Cambridge, England},
	Publisher = {Cambridge University Press},
	Title = {Superconductivity},
	Year = {1954}}

@article{Read:2014qva,
	Archiveprefix = {arXiv},
	Author = {Read, J. I.},
	Date-Added = {2018-02-12 20:07:08 +0000},
	Date-Modified = {2018-02-12 20:07:08 +0000},
	Doi = {10.1088/0954-3899/41/6/063101},
	Eprint = {1404.1938},
	Journal = {J. Phys.},
	Pages = {063101},
	Primaryclass = {astro-ph.GA},
	Reportnumber = {JPHYSG-100038.R1},
	Slaccitation = {%%CITATION = ARXIV:1404.1938;%%},
	Title = {{The Local Dark Matter Density}},
	Volume = {G41},
	Year = {2014},
	Bdsk-Url-1 = {http://dx.doi.org/10.1088/0954-3899/41/6/063101}}

@article{Dine:1982ah,
	Author = {Dine, Michael and Fischler, Willy},
	Date-Added = {2018-02-12 20:07:08 +0000},
	Date-Modified = {2018-02-12 20:07:08 +0000},
	Doi = {10.1016/0370-2693(83)90639-1},
	Journal = {Phys. Lett.},
	Pages = {137-141},
	Reportnumber = {UPR-0201T},
	Slaccitation = {%%CITATION = PHLTA,B120,137;%%},
	Title = {{The Not So Harmless Axion}},
	Volume = {B120},
	Year = {1983},
	Bdsk-Url-1 = {http://dx.doi.org/10.1016/0370-2693(83)90639-1}}

@article{Berezhiani:2015bqa,
	Archiveprefix = {arXiv},
	Author = {Berezhiani, Lasha and Khoury, Justin},
	Date-Added = {2018-02-12 20:07:08 +0000},
	Date-Modified = {2018-02-12 20:07:08 +0000},
	Doi = {10.1103/PhysRevD.92.103510},
	Eprint = {1507.01019},
	Journal = {Phys. Rev.},
	Number = {10},
	Pages = {103510},
	Primaryclass = {astro-ph.CO},
	Slaccitation = {%%CITATION = ARXIV:1507.01019;%%},
	Title = {{Theory of dark matter superfluidity}},
	Volume = {D92},
	Year = {2015},
	Bdsk-Url-1 = {http://dx.doi.org/10.1103/PhysRevD.92.103510}}

@article{bonaldi1999thermal,
	Author = {Bonaldi, Michele and Falferi, Paolo and Cerdonio, Massimo and Vinante, Andrea and Dolesi, Rita and Vitale, Stefano},
	Date-Added = {2018-02-12 20:07:08 +0000},
	Date-Modified = {2018-02-12 20:07:08 +0000},
	Journal = {Review of scientific instruments},
	Number = {3},
	Pages = {1851--1856},
	Publisher = {AIP Publishing},
	Title = {Thermal noise in a high {Q} cryogenic resonator},
	Volume = {70},
	Year = {1999}}

@inproceedings{hartland1981use,
	Author = {Hartland, A},
	Booktitle = {Precision Measurement and Fundamental Constants},
	Date-Added = {2018-02-12 20:07:08 +0000},
	Date-Modified = {2018-02-12 20:07:08 +0000},
	Pages = {543},
	Title = {Use of a cryogenic current comparator to determine the quantized Hall resistance in a silicon MOSFET},
	Volume = {1},
	Year = {1981}}

@article{seton1995use,
	Author = {Seton, HC and Bussell, DM and Hutchison, JMS and Lurie, DJ},
	Date-Added = {2018-02-12 20:07:08 +0000},
	Date-Modified = {2018-02-12 20:07:08 +0000},
	Journal = {Applied Superconductivity, IEEE Transactions on},
	Number = {2},
	Pages = {3218--3221},
	Publisher = {IEEE},
	Title = {{Use of a DC SQUID receiver preamplifier in a low field MRI system}},
	Volume = {5},
	Year = {1995}}

@article{Kim:1979if,
	Author = {Kim, Jihn E.},
	Date-Added = {2018-02-12 20:07:08 +0000},
	Date-Modified = {2018-02-12 20:07:08 +0000},
	Doi = {10.1103/PhysRevLett.43.103},
	Journal = {Phys. Rev. Lett.},
	Pages = {103},
	Reportnumber = {UPR-0120T},
	Slaccitation = {%%CITATION = PRLTA,43,103;%%},
	Title = {{Weak Interaction Singlet and Strong CP Invariance}},
	Volume = {43},
	Year = {1979},
	Bdsk-Url-1 = {http://dx.doi.org/10.1103/PhysRevLett.43.103}}

@inproceedings{Horns:2013ira,
	Archiveprefix = {arXiv},
	Author = {Horns, Dieter and Lindner, Axel and Lobanov, Andrei and Ringwald, Andreas},
	Booktitle = {{9th Patras Workshop on Axions, WIMPs \& WISPs (PATRAS13) Mainz, Germany, June 24-28, 2013}},
	Date-Added = {2018-02-12 20:07:08 +0000},
	Date-Modified = {2018-02-12 20:07:08 +0000},
	Eprint = {1309.4170},
	Primaryclass = {physics.ins-det},
	Reportnumber = {DESY-13-164},
	Slaccitation = {%%CITATION = ARXIV:1309.4170;%%},
	Title = {{WISPers from the Dark Side: Radio Probes of Axions and Hidden Photons}},
	Url = {http://inspirehep.net/record/1254430/files/arXiv:1309.4170.pdf},
	Year = {2013},
	Bdsk-Url-1 = {http://inspirehep.net/record/1254430/files/arXiv:1309.4170.pdf}}

@inproceedings{Essig:2013lka,
	Archiveprefix = {arXiv},
	Author = {Essig, Rouven and others},
	Booktitle = {{Community Summer Study 2013: Snowmass on the Mississippi (CSS2013) Minneapolis, MN, USA, July 29-August 6, 2013}},
	Date-Added = {2018-02-12 20:07:08 +0000},
	Date-Modified = {2018-02-12 20:07:08 +0000},
	Eprint = {1311.0029},
	Primaryclass = {hep-ph},
	Reportnumber = {YITP-SB-36},
	Slaccitation = {%%CITATION = ARXIV:1311.0029;%%},
	Title = {{Working Group Report: New Light Weakly Coupled Particles}},
	Url = {http://inspirehep.net/record/1263039/files/arXiv:1311.0029.pdf},
	Year = {2013},
	Bdsk-Url-1 = {http://inspirehep.net/record/1263039/files/arXiv:1311.0029.pdf}}

@misc{RomalisPrivate,
	Date-Added = {2018-02-12 20:07:08 +0000},
	Date-Modified = {2018-02-12 20:07:08 +0000},
	Howpublished = {{M}ike {R}omalis, private communication.}}

@webpage{DuncanMagnetars,
	Date-Added = {2018-02-12 20:07:08 +0000},
	Date-Modified = {2018-02-12 20:07:08 +0000},
	Url = {http://solomon.as.utexas.edu/~duncan/magnetar.html#Strong_Magnetic_Fields},
	Bdsk-Url-1 = {http://solomon.as.utexas.edu/~duncan/magnetar.html#Strong_Magnetic_Fields}}

@article{Aharonian:2007km,
	Archiveprefix = {arXiv},
	Author = {Aharonian, F.},
	Collaboration = {H.E.S.S.},
	Date-Added = {2018-01-18 21:56:05 +0000},
	Date-Modified = {2018-01-18 21:56:05 +0000},
	Doi = {10.1016/j.astropartphys.2007.11.007, 10.1016/j.astropartphys.2010.01.007},
	Eprint = {0711.2369},
	Journal = {Astropart. Phys.},
	Note = {[Erratum: Astropart. Phys.33,274(2010)]},
	Pages = {55-62},
	Primaryclass = {astro-ph},
	Slaccitation = {%%CITATION = ARXIV:0711.2369;%%},
	Title = {{Observations of the Sagittarius Dwarf galaxy by the H.E.S.S. experiment and search for a Dark Matter signal}},
	Volume = {29},
	Year = {2008},
	Bdsk-Url-1 = {http://dx.doi.org/10.1016/j.astropartphys.2007.11.007,%2010.1016/j.astropartphys.2010.01.007}}

@article{Lacroix:2018zmg,
	Archiveprefix = {arXiv},
	Author = {Lacroix, Thomas},
	Date-Added = {2018-01-18 21:38:34 +0000},
	Date-Modified = {2018-01-18 21:38:34 +0000},
	Eprint = {1801.01308},
	Primaryclass = {astro-ph.GA},
	Slaccitation = {%%CITATION = ARXIV:1801.01308;%%},
	Title = {{Dynamical constraints on a dark matter density spike at the Galactic Centre from stellar orbits}},
	Year = {2018}}

@article{Hooper:2016ggc,
	Archiveprefix = {arXiv},
	Author = {Hooper, Dan},
	Date-Added = {2018-01-18 21:34:15 +0000},
	Date-Modified = {2018-01-18 21:34:15 +0000},
	Doi = {10.1016/j.dark.2016.11.005},
	Eprint = {1608.00003},
	Journal = {Phys. Dark Univ.},
	Pages = {53-56},
	Primaryclass = {astro-ph.HE},
	Reportnumber = {FERMILAB-PUB-16-291-A},
	Slaccitation = {%%CITATION = ARXIV:1608.00003;%%},
	Title = {{The Density of Dark Matter in the Galactic Bulge and Implications for Indirect Detection}},
	Volume = {15},
	Year = {2017},
	Bdsk-Url-1 = {http://dx.doi.org/10.1016/j.dark.2016.11.005}}

@article{Nesti:2013uwa,
	Archiveprefix = {arXiv},
	Author = {Nesti, Fabrizio and Salucci, Paolo},
	Date-Added = {2018-01-18 21:27:25 +0000},
	Date-Modified = {2018-01-18 21:27:25 +0000},
	Doi = {10.1088/1475-7516/2013/07/016},
	Eprint = {1304.5127},
	Journal = {JCAP},
	Pages = {016},
	Primaryclass = {astro-ph.GA},
	Slaccitation = {%%CITATION = ARXIV:1304.5127;%%},
	Title = {{The Dark Matter halo of the Milky Way, AD 2013}},
	Volume = {1307},
	Year = {2013},
	Bdsk-Url-1 = {http://dx.doi.org/10.1088/1475-7516/2013/07/016}}

@article{Raffelt:1987im,
	Author = {Raffelt, Georg and Stodolsky, Leo},
	Date-Added = {2018-01-18 09:27:02 +0000},
	Date-Modified = {2018-01-18 09:27:02 +0000},
	Doi = {10.1103/PhysRevD.37.1237},
	Journal = {Phys. Rev.},
	Pages = {1237},
	Reportnumber = {MPI-PAE/PTh-54/87},
	Slaccitation = {%%CITATION = PHRVA,D37,1237;%%},
	Title = {{Mixing of the Photon with Low Mass Particles}},
	Volume = {D37},
	Year = {1988},
	Bdsk-Url-1 = {http://dx.doi.org/10.1103/PhysRevD.37.1237}}

@article{Piffl:2013mla,
	Archiveprefix = {arXiv},
	Author = {Piffl, Til and Scannapieco, Cecilia and Binney, James and Steinmetz, Matthias and Scholz, Ralf-Dieter and others},
	Date-Added = {2015-01-02 10:24:43 PM +0000},
	Date-Modified = {2015-01-02 10:24:43 PM +0000},
	Doi = {10.1051/0004-6361/201322531},
	Eprint = {1309.4293},
	Journal = {Astron.Astrophys.},
	Pages = {A91},
	Primaryclass = {astro-ph.GA},
	Slaccitation = {%%CITATION = ARXIV:1309.4293;%%},
	Title = {{The RAVE survey: the Galactic escape speed and the mass of the Milky Way}},
	Volume = {562},
	Year = {2014},
	Bdsk-Url-1 = {http://dx.doi.org/10.1051/0004-6361/201322531}}

@article{mortensen_real_2005,
	Author = {Mortensen, J. J. and Hansen, L. B. and Jacobsen, K. W.},
	Date-Added = {2015-01-02 10:20:51 PM +0000},
	Date-Modified = {2015-01-02 10:21:21 PM +0000},
	Doi = {10.1103/PhysRevB.71.035109},
	Issue = {3},
	Journal = {Phys. Rev. B},
	Month = {Jan},
	Numpages = {11},
	Pages = {035109},
	Publisher = {American Physical Society},
	Title = {Real-space grid implementation of the projector augmented wave method},
	Url = {http://link.aps.org/doi/10.1103/PhysRevB.71.035109},
	Volume = {71},
	Year = {2005},
	Bdsk-Url-1 = {http://link.aps.org/doi/10.1103/PhysRevB.71.035109},
	Bdsk-Url-2 = {http://dx.doi.org/10.1103/PhysRevB.71.035109}}

@article{Bunge1993113,
	Author = {C.F. Bunge and J.A. Barrientos and A.V. Bunge},
	Doi = {http://dx.doi.org/10.1006/adnd.1993.1003},
	Issn = {0092-640X},
	Journal = {Atomic Data and Nuclear Data Tables},
	Number = {1},
	Pages = {113 - 162},
	Title = {Roothaan-Hartree-Fock Ground-State Atomic Wave Functions: Slater-Type Orbital Expansions and Expectation Values for Z = 2-54},
	Volume = {53},
	Year = {1993},
	Bdsk-Url-1 = {http://dx.doi.org/10.1006/adnd.1993.1003}}

@article{freese_annual_2012,
	Author = {Freese, Katherine and Lisanti, Mariangela and Savage, Christopher},
	Date-Added = {2014-09-23 23:13:21 +0000},
	Date-Modified = {2014-09-23 23:13:21 +0000},
	Journal = {{arXiv} preprint {arXiv}:1209.3339},
	Shorttitle = {Annual modulation of dark matter},
	Title = {Annual modulation of dark matter: a review},
	Urldate = {2014-09-04},
	Year = {2012}}

@article{essig_direct_2012,
	Author = {Essig, Rouven and Mardon, Jeremy and Volansky, Tomer},
	Date-Added = {2014-09-23 23:13:21 +0000},
	Date-Modified = {2014-09-23 23:13:21 +0000},
	Journal = {Physical Review D},
	Number = {7},
	Pages = {076007},
	Title = {Direct detection of sub-{GeV} dark matter},
	Urldate = {2014-09-04},
	Volume = {85},
	Year = {2012}}

@article{lee_effect_2014,
	Author = {Lee, Samuel K. and Lisanti, Mariangela and Peter, Annika HG and Safdi, Benjamin R.},
	Date-Added = {2014-09-23 23:13:21 +0000},
	Date-Modified = {2014-09-23 23:13:21 +0000},
	Journal = {Physical review letters},
	Number = {1},
	Pages = {011301},
	Title = {Effect of Gravitational Focusing on Annual Modulation in Dark-Matter Direct-Detection Experiments},
	Urldate = {2014-09-23},
	Volume = {112},
	Year = {2014}}

@article{alenazi_phase-space_2006,
	Author = {Alenazi, Moqbil S. and Gondolo, Paolo},
	Date-Added = {2014-09-23 23:13:21 +0000},
	Date-Modified = {2014-09-23 23:13:21 +0000},
	Journal = {Physical Review D},
	Number = {8},
	Pages = {083518},
	Title = {Phase-space distribution of unbound dark matter near the Sun},
	Urldate = {2014-09-23},
	Volume = {74},
	Year = {2006}}

@article{graham_semiconductor_2012,
	Author = {Graham, Peter W. and Kaplan, David E. and Rajendran, Surjeet and Walters, Matthew T.},
	Date-Added = {2014-09-23 23:13:21 +0000},
	Date-Modified = {2014-09-23 23:13:21 +0000},
	Journal = {Physics of the Dark Universe},
	Number = {1},
	Pages = {32--49},
	Title = {Semiconductor probes of light dark matter},
	Urldate = {2014-09-23},
	Volume = {1},
	Year = {2012}}

@article{Cheung:2012qy,
	Archiveprefix = {arXiv},
	Author = {Cheung, Clifford and Hall, Lawrence J. and Pinner, David and Ruderman, Joshua T.},
	Doi = {10.1007/JHEP05(2013)100},
	Eprint = {1211.4873},
	Journal = {JHEP},
	Pages = {100},
	Primaryclass = {hep-ph},
	Slaccitation = {%%CITATION = ARXIV:1211.4873;%%},
	Title = {{Prospects and Blind Spots for Neutralino Dark Matter}},
	Volume = {1305},
	Year = {2013},
	Bdsk-Url-1 = {http://dx.doi.org/10.1007/JHEP05(2013)100}}

@article{Essig:2012yx,
	Archiveprefix = {arXiv},
	Author = {Essig, Rouven and Manalaysay, Aaron and Mardon, Jeremy and Sorensen, Peter and Volansky, Tomer},
	Doi = {10.1103/PhysRevLett.109.021301},
	Eprint = {1206.2644},
	Journal = {Phys.Rev.Lett.},
	Pages = {021301},
	Primaryclass = {astro-ph.CO},
	Reportnumber = {YITP-SB-01-12},
	Slaccitation = {%%CITATION = ARXIV:1206.2644;%%},
	Title = {{First Direct Detection Limits on sub-GeV Dark Matter from XENON10}},
	Volume = {109},
	Year = {2012},
	Bdsk-Url-1 = {http://dx.doi.org/10.1103/PhysRevLett.109.021301}}
